2493 3077
2 946 10 956 ι
3 832 7 890 „‚-.-.

1121 113 1396 160 -5-

257 237 431 280 sceleris
469 244 513 280 et
550 251 726 295 regnum
765 250 860 279 cum
889 234 1094 292 Aegistho
1131 234 1367 293 haberet*).
1440 236 1500 281 Et
1533 235 1727 294 'agnoscit
1761 238 1868 281 hanc
1904 238 2010 280 lucri
2046 236 2253 295 significa-

255 309 412 353 tionem
442 310 796 367 Clytaemnestra,
827 306 896 350 cui
924 307 1027 350 illud
1058 306 1215 350 dictum
1244 314 1330 362 est,
1362 322 1490 366 quum
1519 315 1665 353 contra
1695 310 1871 367 quaerit,

829 384 906 428 ποῧ
936 379 1024 434 δῆθ’
1052 381 1070 426 o‘
1100 390 1221 440 τῖμος,
1252 378 1360 428 ἕντιν’
1391 378 1677 443 οἱντεὸεξοὶμηνς

254 456 429 500 indicari
465 457 544 500 sibi
582 456 684 498 illud
720 457 955 513 postulanS,
1000 469 1083 511 quo
1113 461 1307 513 tanquam
1343 456 1481 513 pretio
1518 457 1735 500 abalienati
1772 457 1847 499 filii
1883 457 2012 513 potita
2051 457 2126 500 sit:
2185 457 2251 500 cui

252 532 364 587 quod
394 531 463 573 ille
500 530 742 586 respondet,

820 586 1061 644 αἰσχύνομαί
1088 607 1144 632 σοι
1174 588 1293 632 ταῦτ’
1322 584 1497 633 ὀνειδίσαι
1528 590 1683 645 σαφῶς,

251 668 428 705 testatur
457 662 537 705 hoc
568 676 733 719 quoque
763 662 988 704 verborum
1018 659 1283 717 superiorum
1313 660 1425 704 illam
1462 676 1584 718 quam
1615 661 1796 705 diximus
1827 662 2073 705 sententiam
2104 662 2247 704 fuisse.

251 736 399 792 ltaque
416 734 605 779 similiter
626 734 750 777 etiam
770 748 882 777 nunc
903 734 1024 777 nobis
1053 748 1258 792 quaerere
1272 733 1435 789 licebit,
1459 734 1496 778 si
1512 736 1718 795 πραθῆναι
1735 735 1793 778 dii
1810 735 2028 789 dicuntur,
2052 734 2140 778 sive
2154 750 2247 792 pro-

251 809 345 866 prio
374 823 502 851 sensu
522 808 611 851 sive
628 807 880 865 improprio,
910 810 987 854 ποῦ
1017 804 1104 861 δῆθ’
1136 808 1154 853 o‘
1184 817 1311 868 τῖμοςς
1341 808 1841 866 poterimusqueversum
1865 810 2039 866 explere
2069 808 2110 851 in
2141 809 2250 851 hunc

251 884 443 926 modum
473 887 533 929 τίς
562 879 602 929 δὲ
632 885 699 928 καὶ
728 881 888 942 πρατὴρ
917 885 1014 941 ἔφυς
1046 882 1382 939 quandoquidem
1411 898 1495 926 non
1518 890 1658 940 potest
1679 884 1896 940 quisquam
1918 886 2124 943 πραθῆναι
2150 883 2249 936 dici,

249 957 329 1000 nisi
366 956 421 999 sit
457 956 605 1014 aliquis
643 955 762 1014 quasi
791 955 970 1017 πρατήρ,
1006 956 1078 1013 qui
1114 957 1276 999 lucrum
1313 956 1410 999 inde
1450 956 1710 1015 perceperit:
1762 957 1833 1014 qui
1871 963 2008 1000 autem
2048 957 2249 1011 senium,

251 1033 455 1090 πραθῆναι
485 1031 543 1072 ita
573 1031 741 1072 demum
770 1037 888 1071 recte
918 1030 1131 1082 dicentur,
1162 1030 1198 1071 si
1227 1044 1305 1085 pro
1334 1030 1472 1085 pretio
1503 1030 1545 1071 in
1572 1030 1815 1071 servitutem
1845 1032 1895 1071 ab
1926 1030 2005 1071 alio
2037 1031 2120 1071 dati
2152 1031 2248 1082 sint,

250 1104 363 1162 quod
393 1120 517 1162 quam
545 1109 663 1148 recte
693 1102 736 1147 in
766 1102 869 1147 deos
901 1103 1140 1157 conveniat,
1171 1118 1527 1159 supervacaneum
1559 1110 1624 1146 est
1654 1103 1906 1146 examinare.

439 1176 536 1221 Non
564 1175 695 1234 magis
725 1177 904 1234 probare
935 1190 1157 1235 possumus
1189 1175 1360 1220 alterius
1391 1175 1472 1221 loci
1504 1175 1834 1220 emendationem
1864 1191 1903 1220 v.
1935 1176 2040 1230 265,
2080 1176 2147 1219 ubi
2181 1192 2246 1220 co-

250 1251 388 1294 dicum
418 1250 627 1308 scriptura
655 1250 760 1292 haec
791 1254 878 1292 estz

726 1322 900 1383 ἔλαφςὲν
916 1359 928 1377 ,
958 1320 1064 1369 (ὅστις
1092 1322 1285 1381 πημάτων
1315 1322 1388 1383 ἔξω
1417 1322 1524 1370 πόδα

724 1400 830 1455 ἔχει,
870 1406 1068 1456 παραινεῖν
1098 1397 1285 1443 νουθετεῖν
1314 1417 1359 1443 τε
1388 1397 1478 1444 τούς
1508 1401 1637 1444 κακῶς

696 1470 993 1531 -πςοὶσσοντας·
1024 1470 1100 1527 ἐγώ
1130 1466 1169 1516 δὲ
1207 1472 1346 1517 ταῦτα
1375 1471 1497 1518 πάντ’
1534 1472 1770 1531 ἠπιστάμην.

248 1547 430 1589 Versum
459 1545 629 1588 tertium
660 1551 904 1601 corruptum
946 1559 1040 1586 esse
1078 1550 1258 1586 metrum
1288 1544 1443 1601 arguit:
1488 1546 1734 1588 emendandi
1764 1546 1857 1588 viae
1886 1546 1995 1589 duae
2026 1547 2121 1589 iniri
2150 1562 2246 1604 pos·

249 1627 365 1673 sunt,
397 1626 468 1662 aut
497 1625 544 1662 ut
572 1618 638 1665 τὸν
668 1621 797 1664 κακῶς
826 1618 1039 1677 πράσσοντ’
1070 1617 1298 1671 scribatur,
1342 1618 1689 1674 quemadmodum
1720 1619 1929 1662 Stanleius
1968 1619 2119 1677 aliique
2151 1635 2247 1662 cen-

249 1699 415 1746 serunt,
446 1692 595 1748 quibus
626 1706 704 1747 ego
736 1705 932 1732 assensus
962 1705 1076 1743 sum,
1107 1690 1443 1746 quandoquidem
1472 1705 1556 1733 non
1584 1705 1681 1734 raro
1710 1706 1907 1734 numeros
1936 1693 2145 1734 nominum
2176 1701 2249 1735 aut

248 1768 472 1811 verborum
502 1780 527 1807 a
553 1764 733 1808 librariis
762 1769 1021 1821 permutatos
1052 1778 1148 1806 esse
1179 1770 1341 1807 constat
1350 1763 1426 1822 **)‚
1457 1771 1549 1819 aut,
1580 1765 1617 1808 si
1646 1765 1737 1822 quis
1767 1773 1905 1808 tamen
1934 1767 2135 1823 pluralem
2164 1766 2247 1809 hoc

248 1844 342 1886 loco
381 1845 591 1884 servatum
620 1838 742 1892 velit,
788 1844 835 1880 ut
871 1837 949 1894 ἐγώ
980 1834 1019 1884 δέ
1050 1852 1145 1880 cum
1184 1837 1263 1880 alia
1299 1838 1492 1895 quapiam
1529 1839 1710 1882 dictione
1749 1846 2046 1892 commutetur,
2091 1854 2173 1896 qua
2211 1840 2247 1882 is

247 1916 317 1973 qui
347 1914 529 1971 loquitur
559 1939 618 1946 —
647 1918 712 1955 est
742 1918 881 1955 autem
899 1912 1182 1956 Prometheus
1211 1939 1272 1946 -—
1298 1918 1432 1956 semet
1461 1912 1553 1970 ipse
1577 1912 1805 1969 significet,
1836 1913 1878 1955 in
1909 1913 2027 1955 cuius
2052 1914 2246 1956 dictionis

246 1991 386 2034 locum
413 1987 516 2032 illud
545 1984 621 2043 ε’«γώ
652 1982 692 2033 δέ
721 1991 917 2042 tanquam
939 1985 1148 2041 glossema
1178 1985 1386 2042 quoddam
1409 1985 1633 2042 irrepsisse
1664 1992 1881 2030 statuatur.
1926 1986 2026 2029 Hoc
2056 1986 2246 2044 Reisigio

248 2064 431 2121 itemque
461 2060 704 2105 Wieselero
734 2057 914 2116 placuit,
957 2072 1135 2116 quorum
1166 2059 1271 2104 alter
1301 2058 1444 2114 αὐτός,
1482 2060 1586 2104 alter
1616 2065 1753 2103 autem
1783 2056 1844 2106 ἶὸε
1874 2056 1914 2107 δέ
1951 2061 2001 2103 ab
2032 2061 2247 2119 Aeschylo

368 2229 394 2265 ·)
436 2225 593 2256 Similiter
619 2225 746 2255 Electra
774 2225 930 2263 loquitur,
964 2225 1029 2255 alio
1056 2225 1196 2255 eiu-dem
1224 2226 1353 2256 fabulae
1381 2227 1470 2263 loco,
1499 2238 1526 2256 v.
1549 2229 1619 2256 1³0:
1654 2227 1842 2264 πεπραμένοι
1866 2224 1924 2265 γὰρ
1952 2225 2004 2256 νῦν
2030 2230 2062 2265 γέ
2081 2237 2143 2257 ποις
2163 2227 2242 2256 4120:-

437 2283 522 2321 μεθα
547 2278 622 2320 πρὸς
651 2278 704 2318 τῆς
731 2277 888 2319 τεκούσης,
922 2276 1018 2319 ἄνδρα
1043 2276 1069 2310 δ’
1079 2277 1290 2320 ἀντηλλάξατο
1316 2281 1481 2321 Αἴγισθον.
1526 2281 1606 2312 Nam
1631 2284 1714 2310 recte
1743 2279 1789 2310 ibi
1809 2282 1999 2321 πεπραμένοι
2024 2292 2080 2322 pro
2106 2293 2243 2321 πεπραγ-

435 2338 521 2375 μένοι
546 2335 698 2373 scriptum
725 2345 794 2364 esse
815 2334 868 2364 vix
896 2334 1035 2364 dubitari
1063 2339 1176 2373 potest.
1220 2337 1424 2367 Abalienatos
1450 2348 1484 2366 se
1514 2343 1545 2367 et
1571 2337 1714 2366 Orestem
1741 2346 1761 2365 a
1788 2340 1888 2366 matre
1909 2338 2066 2374 queritur,
2100 2344 2133 2366 ut
2159 2338 2245 2366 fruc—

435 2393 522 2419 retur
554 2389 634 2417 haec
668 2387 804 2417 adulteri
832 2387 1043 2419 matrimonio.
1081 2405 1119 2410 -
1172 2388 1319 2420 Ceterum
1345 2390 1408 2420 alio
1436 2399 1551 2430 genere
1580 2388 1794 2420 translationis
1820 2387 1998 2429 πραθῆναι,
2035 2394 2070 2421 ut
2106 2388 2242 2430 ι’,ιιπολη-

435 2443 534 2483 θῆναι
554 2448 585 2474 et
604 2441 808 2481 πωληθῆναο,
830 2453 890 2472 non
910 2452 983 2472 raro
996 2443 1143 2472 dicuntur
1163 2443 1203 2479 ii,
1225 2444 1282 2482 qui
1298 2445 1409 2475 fraude
1422 2444 1625 2474 circumventi
1646 2448 1678 2472 et
1697 2445 1821 2482 decepti
1841 2449 1928 2479 sunt,
1951 2455 2029 2482 quoa
2049 2455 2104 2473 nos
2124 2455 2248 2483 quoque

438 2499 606 2532 vernaculo
630 2498 795 2538 loquentes
823 2495 989 2527 verrathen
1016 2496 1083 2527 und
1110 2496 1257 2539 verkauft
1284 2498 1437 2535 dicimus,
1466 2497 1672 2537 similiterque
1690 2497 1814 2536 Latini,
1844 2503 1879 2529 ut
1899 2502 1947 2529 eut
1974 2499 2056 2538 apud
2083 2499 2246 2530 Plautum.

437 2564 509 2583 cum
531 2553 664 2583 ioculari
684 2553 834 2592 imaginis
854 2552 1116 2590 amplificatione,
1138 2553 1255 2583 Bacch.
1278 2553 1334 2589 IV,
1356 2556 1385 2586 7,
1411 2555 1462 2581 16:
1498 2552 1523 2581 Ο
1552 2552 1701 2589 stulte,
1724 2553 1874 2588 stulte,
1904 2552 2038 2581 nescia
2058 2563 2160 2583 nunc
2182 2564 2247 2584 ve-

439 2607 525 2638 nire
548 2614 603 2646 te,
626 2611 748 2647 atque
769 2607 807 2638 in
828 2617 874 2637 eo
895 2607 983 2646 ipso
1005 2611 1118 2637 astas
1139 2608 1289 2646 lapide,
1310 2607 1378 2636 ubi
1400 2617 1545 2646 praeco
1566 2606 1789 2644 praedicat.
1821 2608 1866 2636 De
1888 2607 2018 2637 Graecis
2035 2608 2098 2637 vid.
2118 2609 2191 2639 lntt.
2210 2612 2249 2639 ad

438 2661 599 2700 Aristoph.
615 2663 694 2691 Ach.
712 2671 744 2691 v-
762 2664 822 2690 382
842 2665 874 2691 et
893 2661 1028 2691 Brunck.
1049 2661 1088 2690 ad
1108 2660 1139 2689 S.
1159 2660 1245 2690 Phil.
1267 2671 1297 2689 v.
1316 2663 1384 2689 966.

357 2721 396 2756 ⁸⁰)
437 2716 530 2745 Velut
551 2714 582 2745 in
602 2717 694 2747 Eum.
717 2727 746 2747 V.
765 2718 824 2746 304
846 2715 917 2755 quis
937 2715 1060 2745 dubitet
1080 2715 1279 2745 scribendum
1300 2726 1384 2745 esse:
1429 2712 1481 2746 τὸν
1506 2714 1563 2752 μὲν
1591 2713 1733 2753 καθαροῖς
1760 2716 1860 2752 χεῖρας
1885 2714 2063 2753 προνέμοντ’
2092 2714 2171 2746 οὔτις
2196 2717 2247 2756 ἀφ’

438 2767 524 2809 ἡμῶν
543 2766 634 2807 μῆνις
655 2768 795 2809 ἐφέρπει,
819 2780 889 2800 cum
906 2770 1102 2805 Hermanno,
1132 2769 1299 2805 Schfltzio,
1322 2769 1475 2804 Muillero,
1498 2769 1643 2807 quamvis
1664 2768 1787 2798 codice:
1808 2777 1914 2798 omnes
1926 2768 2081 2807 pluralem
2103 2770 2248 2800 habeant.

440 2829 539 2856 metro
566 2825 791 2863 pessumdato?
