2493 3077
263 246 430 309 xum-365
460 248 690 291 membrum
721 242 895 289 conflari
924 243 1033 298 vult,
1070 247 1119 286 ut
1155 241 1218 286 sic
1248 241 1373 286 etiam
1403 237 1443 290 δέ
1473 241 1731 298 coniunctio,
1768 244 2004 292 nominibus
2043 247 2107 293 his
2144 247 2283 293 inter-¹

261 322 420 380 posita,
465 321 518 364 ad
555 321 726 364 verbum
764 317 868 380 illud
904 316 1135 373 pertineat,
1180 316 1307 374 idque
1351 315 1409 358 ita
1448 329 1543 358 cum
1580 316 1802 374 superiore
1841 321 2028 363 membro
2065 327 2270 365 nectatur.

264 395 523 439 Sententiam
544 398 681 435 autem
712 391 889 433 eandem
916 405 1012 433 esse
1026 424 1038 444 ,
1070 405 1119 433 ac
1150 390 1187 433 si
1216 390 1374 433 dictum
1404 388 1479 442 sit,
1509 392 1652 451 πλανᾷ
1681 387 1721 436 δὲ
1751 387 1801 436 ὣς
1831 390 1954 438 κοικδς
1978 394 2132 452 ἰατρός,
2161 394 2273 452 quod

266 476 311 511 ut
341 467 606 523 comprobet,
638 464 690 507 ad
722 463 975 507 Schneideri
1006 463 1059 506 ad
1089 464 1200 507 hunc
1229 464 1368 506 locum
1398 460 1705 504 annotationem
1733 470 1948 518 provocat.
2008 464 2172 521 Nempe
2203 469 2275 510 do-

268 548 336 585 cet
363 539 420 583 ibi
450 537 737 582 Schneiderus
767 535 812 579 id
843 536 957 593 quod
986 549 1110 579 nemo
1147 535 1270 579 facile
1307 535 1351 579 in
1381 534 1552 578 dubium
1589 534 1823 590 vocaverit,
1865 533 1905 583 δέ
1944 536 2275 583 coniunctionem

267 614 390 656 etiam
421 613 471 654 ab
501 611 716 666 Aeschylo
747 623 1043 666 nonnunquam
1073 609 1280 661 secundo,
1316 622 1401 650 non
1436 608 1572 664 primo
1611 608 1815 652 vocabulo
1845 610 2064 665 postponi,
2101 609 2276 667 eiusque

266 686 328 729 rei
358 684 515 741 aliquot
544 683 737 739 exempla
767 687 1078 725 commemorat.
1138 681 1268 738 Atqui
1299 681 1493 737 exempla
1521 679 1646 722 huius
1677 679 1811 722 nostri
1836 679 1987 722 similia
2015 696 2153 740 neque
2178 683 2277 726 cita-

266 759 345 811 vit,
376 772 514 813 neque
543 755 701 811 potuit,
740 755 911 811 opinor,
952 755 1095 797 citare.
1157 753 1330 796 Scilicet
1359 753 1465 794 haec
1494 753 1643 805 verba,
1683 751 1806 797 κοικός
1836 752 1994 810 ἰατρός,
2037 768 2115 808 pro
2151 769 2277 811 appo—

267 830 419 874 sitione
448 828 638 871 habenda
669 833 793 870 erunt
822 827 876 869 ad
905 827 949 869 id
980 826 1235 879 subiectum,
1266 825 1379 882 quod
1410 831 1475 868 est
1505 824 1623 869 verbi
1652 828 1819 888 πλανᾷ,
1850 825 2026 882 eiusque
2052 828 2276 883 appositio-

269 903 334 947 nis
357 902 418 946 vis
441 900 522 944 erit
552 899 855 957 comparativa,
885 905 932 942 ut
962 913 1089 956 saepe
1120 898 1229 941 alibi.
1290 898 1380 941 Iam
1409 913 1512 942 vero
1542 897 1586 941 in
1614 897 1686 941 tali
1717 896 1916 941 orationis
1937 897 2278 954 conformatione,

270 990 396 1033 quum
431 973 665 1031 postposita
704 973 758 1015 sit
797 974 926 1016 verbo
965 972 1194 1029 appositio,
1241 985 1325 1014 non
1366 972 1504 1029 potuit
1547 971 1806 1025 coniunctio,
1855 985 1879 1014 a
1908 973 2037 1015 verbo
2076 971 2279 1026 seiuncta,

271 1048 432 1092 mediae
468 1046 720 1105 appositioni
765 1045 920 1100 inseri,
965 1046 1042 1088 sed
1081 1045 1225 1088 debuit
1259 1045 1502 1088 necessario
1539 1045 1650 1088 inter
1686 1046 1861 1089 verbum
1896 1051 1940 1088 et
1977 1045 2282 1103 appositionem

272 1122 488 1175 collocari,
526 1124 670 1183 πλανᾷ·
700 1117 739 1166 δὲ
770 1119 892 1165 κακὸς
922 1120 1076 1178 iar-4265:
1115 1119 1152 1160 si
1183 1120 1416 1176 anteposita
1454 1126 1569 1161 esset
1598 1119 1827 1176 appositio,
1871 1119 2008 1177 potuit
2046 1119 2282 1163 coniunctio
2354 1169 2356 1171 ,

272 1199 337 1240 vel
367 1196 554 1238 secundo
584 1196 677 1235 loco
708 1194 829 1249 poni,
860 1200 907 1234 ut
936 1193 1197 1234 insereretur
1228 1193 1500 1249 appositioni‚
1532 1193 1654 1237 κοοκός
1676 1191 1845 1251 δ’ἶοιτρός
1865 1196 2029 1255 πλανᾷ,
2059 1194 2127 1235 vel
2158 1193 2282 1235 etiam

272 1271 397 1315 tertio
425 1271 542 1312 locot
573 1267 696 1314 κακὸς
727 1266 862 1326 lav-4235
892 1264 931 1313 δὲ
961 1270 1126 1329 πλανᾷ,
1156 1267 1234 1309 sed
1263 1269 1407 1328 πλανᾷ
1436 1265 1560 1312 nocuo}
1590 1263 1757 1324 δ”ἶοιτρός
1788 1268 1990 1308 absonum
2022 1273 2107 1319 est,
2141 1281 2283 1322 ,neque

274 1344 493 1402 quisquam
517 1355 698 1398 unquam
729 1339 791 1383 sic
821 1339 1017 1397 loquitur.
1032 1366 1092 1372 ——
1137 1339 1251 1398 Quid
1266 1344 1405 1382 autem
1422 1337 1624 1382 faciemus
1654 1337 1735 1382 isto
1756 1334 1967 1402 οἰσυνὸέτῳ,
1996 1344 2142 1395 erepta
2163 1337 2283 1382 nobis

274 1419 353 1460 hac
388 1414 628 1459 medicina?
695 1412 1010 1466 Tolerabimus,
1055 1427 1231 1466 censeo,
1279 1418 1351 1454 aut
1393 1412 1430 1454 si
1474 1426 1580 1469 opus
1623 1412 1775 1466 fuerit,
1822 1411 2034 1455 tuebimur
2080 1411 2283 1455 similibus

276 1489 480 1547 exemplis
509 1487 638 1542 haud*
653 1486 758 1528 adeo
784 1485 1024 1528 difficilibus
1054 1485 1237 1529 inventu.
1296 1486 1403 1529 Nam
1434 1492 1500 1529 est
1528 1500 1629 1529 sane
1659 1485 1762 1529 nihil
1789 1486 1870 1529 hoc
1900 1499 2057 1543 genere
2087 1486 2283 1543 frequen-

275 1565 378 1617 tius,
416 1561 487 1604 ubi
525 1560 618 1617 quis
656 1559 769 1615 quod
798 1558 980 1615 primum
1019 1558 1215 1601 universe
1254 1559 1496 1616 proposuit,
1535 1560 1675 1602 statim
1711 1561 1833 1617 quale
1869 1559 1924 1602 sit
1961 1559 2160 1602 disertius
2199 1560 2282 1601 elo-

276 1637 429 1695 quitur,
459 1642 507 1678 ut
535 1640 679 1676 nostro
710 1633 803 1675 loco
835 1633 1004 1686 chorus,
1035 1638 1255 1688 postquam
1281 1633 1477 1676 universe
1500 1634 1805 1676 Prometheum
1825 1633 1940 1690 turpi
1960 1634 2068 1676 malo
2091 1634 2283 1676 laborare

276 1712 402 1764 dixit,
445 1710 526 1751 hoc
556 1708 638 1750 iam
676 1708 798 1763 quale
828 1706 883 1748 sit
913 1706 1087 1762 exponit
1115 1706 1181 1747 his
1211 1706 1372 1760 verbis,
1404 1709 1663 1764 ἀποσφαλεὶς
1694 1709 1836 1765 φρενῶν
1866 1709 2010 1769 πλαγᾷ·
2040 1712 2083 1748 et
2107 1721 2283 1763 sequen-

276 1785 399 1828 tibus.
439 1783 654 1826 Sexcenta
681 1779 726 1822 id
749 1794 898 1836 genuS,
929 1778 965 1821 si
996 1778 1088 1835 quis
1118 1779 1199 1822 hoc
1218 1786 1325 1836 agat,
1356 1780 1544 1822 invenire
1560 1781 1674 1822 nullo
1692 1780 1861 1836 negotio
1874 1781 2050 1837 poterit:
2081 1795 2159 1836 ego
2173 1795 2283 1823 nunc

275 1857 408 1901 tribus
445 1854 649 1910 defungar
679 1851 884 1910 exemplis
914 1851 1179 1905 Homericis,
1219 1867 1326 1909 quae
1365 1853 1500 1896 obiter
1531 1852 1749 1910 quaerenti
1787 1852 1922 1910 prima
1952 1868 1999 1896 se
2030 1854 2282 1897 obtulerunt.

277 1931 326 1974 Il.
347 1929 414 1983 ΙΙ,
436 1927 543 1970 217:
574 1928 785 1984 αἴσχιστος
816 1924 901 1985 *γοὶρ
930 1924 1023 1985 οἱνῆρ
1047 1924 1122 1971 ὑπὸ
1144 1923 1260 1972 Ἴλιον
1280 1922 1420 1978 ἦλθεν·
1452 1925 1603 1985 φολκός
1622 1928 1694 1982 ἔην,
1724 1925 1862 1985 χωλδς
1885 1923 2043 1987 δ’ἔτερόν
2064 1923 2173 1974 πέδοι
2193 1938 2284 1974 κτλ·

277 2002 534 2046 Deformitas
566 1999 813 2052 Thersitae,
851 1998 1031 2054 primum
1063 1999 1258 2041 universe
1290 2006 1633 2052 commemorata,
1666 1999 1810 2041 statim
1846 2014 1924 2055 per
1953 2006 2096 2056 partes
2127 1999 2285 2042 descri-

278 2076 402 2119 bitur.
460 2073 622 2127 XXIV,
654 2071 760 2116 680:
797 2080 924 2125 Λητοῖ
948 2071 1130 2119 ἰσάσκετο
1160 2072 1447 2141 καλλιπαρήῳ·
1493 2074 1552 2130 φῆ
1591 2068 1675 2119 δοιαὶ
1712 2076 1872 2127 τεκέειν,
1909 2074 1931 2118 ,5
1961 2069 2097 2126 δἀότῆ
2127 2076 2283 2130 «γείνατο

278 2148 464 2197 πολλούς.
523 2147 606 2190 od.
631 2146 709 2200 IV,
737 2145 844 2188 4452
876 2146 973 2192 ἀλλ’
994 2145 1098 2198 αὐτῆ
1130 2146 1279 2193 ἐσάωσε
1314 2149 1382 2194 καὶ
1412 2147 1622 2208 ἐφράσατο
1659 2148 1750 2205 μέγ’
1780 2145 1922 2207 ἕνειοιρ·
1962 2148 2178 2209 οἰμβροσιήν
2208 2145 2282 2194 ὁπό

277 2231 360 2283 ῥῖνα
390 2221 548 2284 ἑκάστῳ
577 2221 677 2272 θῆκε
706 2222 892 2278 φέρουσα.

467 2294 518 2337 In
547 2292 687 2336 verbis
716 2292 962 2335 Promethei
993 2307 1100 2349 quae
1131 2294 1324 2351 leguntur
1354 2310 1391 2338 v.
1423 2295 1529 2349 509,
1562 2295 1617 2337 10

479 2392 511 2421 0
811 2368 851 2411 οὐ
881 2368 1021 2412 τοοῧτά
1052 2369 1183 2421 ταῧτῃ
1212 2370 1344 2429 Μοῖρά
1381 2388 1444 2415 πω
1474 2370 1711 2429 τελεσφόρος

814 2441 953 2498 κρῖίνοιι
983 2443 1207 2499 πέπρωται,

280 2522 394 2558 recte
426 2513 695 2557 Wieselerus
725 2521 875 2571 Μοῖραν
904 2528 988 2556 non
1021 2520 1215 2556 sortem
1253 2515 1330 2557 sed
1366 2515 1579 2558 Parcam
1616 2517 1658 2558 h.
1690 2530 1728 2558 e.
1761 2515 1897 2558 divam
1928 2529 2150 2571 personam
2191 2530 2284 2557 esse

280 2587 487 2644 agnoscit:
534 2585 647 2642 quod
685 2591 824 2627 autem
862 2586 1039 2629 rescribi
1079 2588 1188 2641 vult,
1231 2590 1341 2648 Μοῖρ’
1371 2585 1479 2635 ἕπως
1516 2588 1753 2648 τελεσφόρος
1783 2588 1919 2648 κράνη,
1964 2587 2130 2631 videtur
2166 2587 2283 2631 nobis

279 2659 526 2703 sententiam
555 2658 638 2702 loci
670 2672 954 2715 corrumpere.
1015 2659 1144 2703 Dicet
1173 2660 1284 2704 enim
1314 2660 1372 2704 ita
1400 2661 1704 2716 Prometheus,
1741 2661 1926 2705 nondum
1962 2660 2067 2704 haec
2098 2660 2159 2704 sic
2189 2673 2284 2702 esse

278 2735 364 2776 fato
411 2732 656 2785 constituta,
719 2738 765 2773 ut
809 2746 833 2773 a
877 2733 1015 2775 Parca
1060 2734 1355 2789 perficiantur,
1416 2735 1744 2791 habebimusque
1791 2735 1971 2777 Parcam
2022 2733 2161 2776 fatalia
2213 2732 2283 2774 de-

282 2814 398 2850 creta
436 2812 761 2861 exsequentem,
804 2805 1011 2849 diversam
1052 2807 1192 2864 itaque
1224 2823 1249 2850 a
1279 2808 1388 2850 Fato
1427 2809 1550 2865 eique
1580 2814 1818 2865 parentem,
1857 2809 2022 2864 qualem
2060 2820 2209 2848 vereor
2240 2815 2284 2848 ut
