2493 3077
1101 92 1408 143 -11-

251 223 364 272 acta,
419 215 788 260 contrectationem
842 223 981 259 autem
1031 217 1142 260 illam
1192 216 1294 261 nihil
1339 218 1421 261 nisi
1464 220 1669 275 quandam
1717 218 2099 264 obstetricationem
2146 220 2256 264 futu-

248 306 339 334 ram
381 287 491 332 esse.
1975 347 1977 349 -

440 379 648 435 Superest
685 391 792 420 unus
831 378 969 431 locus,
1018 377 1072 419 de
1110 391 1192 434 quo
1231 378 1526 435 disputandum
1564 378 1639 432 sit,
1677 378 1719 421 in
1755 380 1916 438 prologi
1952 380 2095 434 initio,
2135 396 2171 423 v.
2211 383 2252 435 6,

248 451 321 494 ubi
351 466 478 510 quum
507 452 630 508 vulgo
656 465 766 494 nunc
796 464 847 493 ea
876 449 1086 507 scriptura
1114 459 1287 510 recepta
1316 450 1392 505 sit,
1423 466 1547 508 quam
1576 458 1697 495 vetus
1720 453 2011 511 Aristophanis
2042 454 2252 512 interpres

250 526 303 569 ad
332 526 439 569 Ran.
476 540 514 569 v.
543 525 632 568 827
660 524 855 578 servavit,

778 595 1049 658 αἰὸαμοιντήιων
1080 595 1223 657 δεσμῶν
1260 603 1295 647 ἐν
1325 599 1538 660 σι’ῤῥῆκτοις
1567 596 1721 654 πέδαις,

248 671 516 715 Wieselerus
547 672 738 715 codicum
769 673 1105 729 Aeschyleorum
1136 673 1426 716 auctoritatem
1454 673 1655 716 maiorem
1695 679 1811 715 ratus
1841 672 1952 716 hunc
1982 687 2147 717 versum
2184 690 2250 718 re-

246 745 347 803 poni
388 747 487 800 vult,

755 802 1043 862 ἀδαμαντίνως
1074 802 1213 850 πέδαις
1258 809 1293 849 ἐν
1330 804 1534 864 οἰῤῥῆκτως
1564 808 1745 863 πέτραις.

246 877 411 935 Nempe
441 877 522 919 hoc
551 877 690 933 ipsum
719 877 763 918 in
791 877 1024 919 Robortelli
1055 876 1239 918 editione
1268 877 1443 933 legitur:
1481 877 1650 919 codices
1682 884 1842 931 autem,
1882 884 2086 934 quotquot
2116 879 2251 921 collati

248 958 365 1005 sunt,
396 965 541 993 omnes
570 948 614 992 in
639 951 842 1010 ἀρρήκτοις
871 954 1039 1010 πέτραις
1061 950 1322 1006 conspirant,
1367 957 1546 1007 suntque
1578 950 1702 992 etiam
1733 951 1804 1007 qui
1833 956 1868 996 ἒν
1898 952 2251 1007 praepositionem

247 1025 420 1078 addant,
450 1025 634 1080 itemque
663 1024 707 1066 in
738 1024 927 1066 omnibus
959 1021 1235 1082 αἷδάμοιντίνοις
1264 1031 1336 1066 aut
1365 1022 1675 1082 οἱὸοιμοιντίναις,
1714 1031 1757 1066 et
1785 1021 1964 1070 πέδαισιν
1997 1032 2068 1067 aut
2097 1023 2252 1080 vts'ci‘nmv

247 1104 377 1142 extat.
433 1096 621 1156 „Quivis
641 1101 810 1152 unus“,
852 1096 986 1154 inquit
1000 1097 1289 1152 Wieselerus,
1321 1097 1430 1155 „qui
1452 1103 1648 1141 accurate
1667 1096 1960 1154 pensitaverit,
1992 1105 2251 1155 quantopere

249 1172 442 1215 codicum
471 1171 673 1214 lectiones
696 1171 954 1214 consentiant
983 1177 1027 1213 et
1055 1172 1106 1213 ab
1137 1164 1222 1226 ea,
1241 1186 1349 1229 quae
1379 1186 1403 1214 a
1424 1172 1648 1214 scholiasta
1671 1171 1965 1229 Aristophanis
1989 1172 2142 1214 tradita
2172 1180 2250 1226 est,

247 1246 511 1303 discrepent,
548 1245 607 1287 illi
639 1245 830 1288 codicum
860 1245 1083 1287 consensui
1119 1246 1213 1301 plus
1251 1246 1519 1288 tribuendum
1556 1246 1765 1299 censebit,
1802 1260 1927 1302 quam
1957 1246 2250 1288 scholiastae.“

245 1320 354 1363 Mihi
383 1326 549 1373 contra,
588 1334 671 1376 quo
701 1319 795 1376 quis
825 1318 1060 1362 accuratius
1090 1318 1206 1361 illum
1236 1333 1487 1362 consensum
1517 1318 1848 1361 consideraverit
1878 1333 2129 1375 causamque
2161 1320 2250 1362 eius

245 1392 523 1449 reputaverit,
554 1406 606 1434 eo
636 1391 771 1434 minus
803 1391 843 1433 ei
865 1391 1096 1434 tributurus
1125 1391 1305 1434 videtur.
1354 1392 1529 1434 Constat
1559 1391 1669 1433 enim
1695 1406 1840 1433 omnes
1871 1391 1964 1433 illos
1995 1391 2166 1434 codices
2197 1407 2252 1435 ex

245 1481 329 1509 uno
358 1466 554 1522 exemplo
584 1465 788 1522 originem
824 1465 1001 1518 habere,
1040 1464 1153 1521 quod
1191 1465 1431 1521 exemplum
1477 1480 1604 1522 quum
1635 1464 1739 1507 alius
1771 1464 1851 1507 alio
1882 1464 2050 1507 fidelius
2081 1479 2251 1522 reprae-

245 1545 403 1591 sentet,
446 1544 644 1594 poterunt
680 1538 776 1580 hinc
812 1538 921 1580 inter
959 1553 1005 1579 se
1037 1538 1266 1593 comparati
1303 1538 1372 1580 alii
1410 1538 1501 1579 aliis
1539 1538 1735 1579 meliores
1774 1544 1846 1579 aut
1875 1538 2113 1579 deteriores
2152 1539 2250 1591 dici,

246 1625 475 1654 consensus
506 1616 644 1653 autem
675 1609 857 1653 omnium
885 1609 988 1652 nihil
1018 1609 1129 1653 aliud
1158 1610 1370 1667 probabit,
1410 1626 1533 1668 quam
1563 1610 1719 1654 veteris
1749 1610 1859 1653 illius
1891 1610 2075 1668 exempli
2106 1611 2248 1655 lectio-

244 1699 354 1729 nem.
414 1684 539 1727 Haec
577 1683 703 1740 igitur
734 1697 860 1739 quum
897 1683 1089 1739 opposita
1125 1683 1180 1726 sit
1217 1684 1338 1727 alteri
1367 1683 1557 1737 lectioni,
1603 1685 1653 1726 ab
1683 1684 1976 1741 Aristophanis
2015 1683 2248 1742 interprete

244 1764 457 1809 servatae,
487 1770 571 1798 non
600 1757 825 1798 multorum
853 1756 972 1798 nobis
1003 1757 1242 1799 testimonia
1271 1757 1416 1799 audire
1446 1757 1680 1800 videbimur
1709 1757 1780 1799 uni
1811 1757 2024 1814 opposita,
2056 1759 2133 1800 sed
2164 1759 2246 1801 sin-

243 1832 363 1887 gulos
407 1830 616 1885 utrimque
661 1835 792 1871 testes
834 1844 928 1871 esse
973 1830 1257 1883 censebimus,
1306 1845 1483 1886 quorum
1530 1830 1613 1872 utri
1659 1830 1786 1872 fidem
1823 1830 2114 1886 adiungamus,
2162 1845 2247 1873 non

244 1903 410 1947 aliunde
446 1902 528 1945 nisi
558 1908 629 1945 aut
666 1916 721 1944 ex
757 1901 944 1959 ipsorum
983 1902 1230 1945 auctoritate
1261 1909 1332 1945 aut
1371 1917 1427 1945 ex
1456 1902 1541 1956 rei,
1589 1917 1710 1960 quam
1740 1909 1966 1957 testantur,
2008 1910 2157 1945 natura
2195 1917 2245 1946 ac

243 1976 530 2034 probabilitate
562 1974 872 2017 diiudicandum
908 1975 974 2017 sit.
1034 1975 1094 2018 Et
1123 1976 1177 2018 de
1208 1976 1454 2019 auctoritate
1488 1976 1654 2033 quidem
1691 1976 1772 2018 hoc
1802 1990 1930 2018 unum
1959 1990 2069 2019 nunc
2099 1976 2244 2019 dicere

243 2065 488 2108 possumuS,
534 2048 636 2091 nihil
667 2063 817 2090 causae
849 2063 965 2101 esse,
1016 2064 1092 2091 cur
1120 2049 1237 2092 illum
1266 2049 1564 2107 Aristophanei
1595 2050 1841 2092 scholiastae
1873 2050 2084 2103 codicem,
2124 2051 2242 2093 cuius

243 2129 411 2182 praeter
447 2123 528 2166 hoc
564 2136 693 2165 unum
722 2121 935 2179 specimen
973 2121 1076 2165 nihil
1111 2122 1231 2166 nobis
1268 2123 1468 2178 innotuit,
1510 2137 1594 2166 non
1623 2122 1838 2166 meliorem
1875 2129 1947 2166 aut
1983 2124 2090 2166 adeo
2130 2124 2242 2166 dete-

242 2198 399 2240 riorem
436 2196 517 2238 isto
554 2195 685 2237 fuisse
723 2194 977 2248 iudicemus,
1014 2195 1126 2237 unde
1163 2195 1297 2238 nostri
1327 2196 1496 2239 codices
1526 2197 1760 2249 fluxerunt,
1798 2211 1924 2253 quem
1962 2196 2130 2254 quidem
2160 2210 2241 2239 non

243 2271 445 2327 optimum
473 2269 604 2311 fuisse
642 2268 781 2310 multis
811 2268 1063 2324 argumentis
1095 2269 1315 2325 colligitur.
1375 2270 1485 2312 Rem
1523 2275 1661 2312 autem
1696 2269 1831 2324 ipsam
1866 2284 1945 2325 per
1983 2284 2030 2311 se
2061 2276 2242 2311 contem-

241 2344 391 2400 planti,
421 2357 504 2386 non
519 2342 674 2398 poterit
686 2341 856 2384 dubium
872 2341 1025 2395 videri,
1056 2348 1150 2386 utra
1172 2342 1297 2385 lectio
1312 2342 1566 2399 probabilior
1592 2341 1659 2383 sit.
1706 2341 1815 2384 Nam
1840 2341 1954 2398 quod
1974 2341 2241 2384 Wieselerus

243 2416 350 2459 hanc
381 2430 504 2473 quam
534 2414 778 2457 scholiastes
808 2415 933 2457 habet
953 2414 1174 2458 lectionem
1202 2414 1432 2458 coniectori
1462 2414 1585 2457 alicui
1614 2413 1783 2467 deberi,
1814 2429 1897 2463 non
1927 2429 1983 2457 ex
2014 2413 2244 2470 integriore

244 2489 350 2531 libro
380 2494 585 2531 servatam
624 2502 721 2529 esse
754 2486 932 2541 iudicat,
969 2489 1081 2531 nulla
1108 2487 1268 2531 ratione
1297 2488 1410 2530 facit.
1470 2486 1584 2545 Quid
1620 2487 1730 2528 enim
1769 2486 1812 2529 in
1845 2486 2094 2530 coniectoris
2132 2487 2245 2529 illius

244 2563 349 2605 libro
379 2562 582 2617 scriptum
617 2560 748 2603 fuisse
786 2561 938 2614 credit,
983 2562 1096 2618 quod
1143 2562 1212 2604 ille
1250 2560 1542 2616 corrigendum
1578 2560 1819 2615 putaverit?
1892 2559 2085 2612 Hocine,
2132 2561 2245 2616 quod

244 2634 377 2679 nostri
407 2633 575 2677 codices
609 2632 795 2677 habent?
838 2634 997 2678 Parum
1027 2634 1236 2679 credibilis
1267 2633 1347 2677 erit
1380 2640 1491 2677 tanta
1522 2633 1762 2690 corrigendi
1783 2632 1969 2676 audacia.
2030 2633 2100 2676 An
2129 2633 2245 2687 illud,

245 2709 359 2767 quod
382 2706 650 2750 Wieselerus
679 2724 825 2754 verum
853 2707 1041 2752 indicat?
1084 2708 1263 2767 Negabit
1289 2708 1397 2766 ipse,
1434 2706 1674 2765 corrigendi
1701 2721 1868 2750 causam
1897 2706 2046 2750 fuisse.
2086 2707 2245 2765 Quam-

247 2799 371 2840 quam
399 2796 475 2826 nos
507 2781 676 2838 quidem
708 2784 828 2827 aliter
856 2782 1110 2837 iudicamus3
1153 2790 1197 2827 et
1224 2784 1261 2827 si
1290 2798 1390 2827 vere
1421 2783 1500 2826 hoc
1530 2782 1742 2826 inventum
1773 2782 1814 2825 in
1844 2781 1915 2825 illo
1946 2782 2053 2826 libro
2083 2782 2246 2836 suisset,

1821 2855 1843 2878 v.,
1857 2857 1873 2871 *
