2493 3077
1032 91 1383 142 ›—1a-

227 216 329 273 picti
358 217 402 258 in
430 230 528 258 vase
565 217 704 270 fictili,
750 217 933 271 itemque
963 216 1006 258 in
1035 216 1150 258 hiatu
1180 218 1360 272 quodam
1390 219 1501 273 pube
1540 225 1660 260 tenus
1692 216 2000 268 delitescentis,
2038 230 2164 271 quem
2204 229 2228 256 a

227 289 468 344 Scrofanio,
499 291 604 333 Italo
634 290 931 346 archaeologo,
971 297 1190 346 acceptum
1219 305 1355 346 nuper
1386 290 1653 347 Geppertus,
1683 289 1899 348 popularis
1929 294 2095 341 noster,
2131 303 2225 344 spe-

227 362 420 405 ctandum
450 363 569 406 nobis
598 362 819 420 proposuit
848 362 891 404 in
920 363 1026 405 libro
1057 362 1110 404 de
1141 362 1309 419 antiquo
1335 363 1601 406 Graecorum
1630 365 1815 417 theatro,
1844 361 2020 420 Lipsiae
2051 375 2087 402 a.
2113 361 2224 403 1843

225 434 352 478 edito.
409 437 576 479 Vereor
605 441 744 477 tamen
773 436 969 492 equidem
998 448 1271 493 magnopere,
1304 450 1358 478 ne
1388 436 1457 479 hic
1487 452 1653 494 quoque
1684 437 1965 480 Prometheus
1997 435 2223 491 exploden—

225 507 303 551 dus
334 508 401 551 sit.
460 507 688 550 Hominem
719 508 829 550 enim
867 507 1024 565 pictum
1054 507 1243 551 videmus
1275 510 1584 552 adolescentem
1616 517 1658 552 et
1685 510 1937 562 imberbem,
1969 522 2051 565 qua
2081 507 2224 564 specie

223 596 404 639 unquam
433 582 734 623 Prometheum
763 580 1025 638 propositum
1062 596 1156 624 esse
1185 598 1334 640 parum
1365 583 1565 626 credibile
1596 590 1673 626 est.
1743 585 1787 626 Is
1818 582 2025 639 prominet
2054 581 2225 623 dimidia

224 655 315 698 fere
345 654 411 697 sui
441 662 560 712 parte
598 670 622 696 e
653 661 769 696 strue
800 654 977 710 quadam
1007 654 1213 712 lapidum,
1249 656 1416 699 rudium
1455 656 1621 713 quidem
1651 656 1838 709 illorum,
1876 655 1952 696 sed
1989 654 2133 696 ordine
2163 661 2221 696 ta-

223 742 319 769 men
342 728 688 785 compositorum,
720 733 766 768 ut
795 741 891 768 esse
922 728 1058 769 solent
1086 727 1129 769 in
1153 729 1378 781 aedificiis,
1409 743 1516 785 quae
1541 729 1732 786 cyclopia
1753 728 1971 778 dicuntur,
2003 726 2081 767 nisi
2110 727 2219 782 quod

221 800 265 841 in
292 801 370 842 hac
400 801 564 856 pictura
592 800 752 855 lapides
790 800 890 841 satis
926 800 1045 856 parw'
1081 807 1199 854 sunt,
1241 802 1495 857 maximique
1533 817 1700 854 eorum,
1744 802 1779 851 si
1818 801 1871 842 ad
1900 798 2080 841 hominis
2110 814 2219 840 men-

221 886 361 915 suram
382 878 695 930 comparentur,
719 872 790 915 w'x
813 872 960 929 capitis
978 873 1147 915 modum
1165 875 1390 928 excedunt,
1408 874 1579 928 minimi,
1598 880 1784 931 'quantos
1801 873 1923 915 facile
1939 885 2086 914 manus
2112 877 2220 912 totos

222 946 572 1004 comprehendat:
616 946 812 989 universa
841 953 979 988 autem
1009 946 1175 1003 species
1204 947 1313 990 muri
1352 954 1417 990 est
1446 954 1517 990 aut
1546 947 1780 1005 imperfecti
1811 954 1883 988 aut
1912 945 2061 997 diruti,
2113 945 2221 1000 quali

220 1020 364 1077 specie
389 1021 558 1077 rupe'm,
589 1020 632 1061 in
656 1035 739 1075 qua
754 1020 1034 1062 Prometheus
1058 1020 1219 1063 vinctus
1242 1021 1342 1075 fuit,
1372 1028 1691 1079 repraesentare
1714 1036 1836 1063 nemo
1858 1020 2049 1077 profecto
2074 1017 2220 1074 potuit.

220 1092 415 1149 Denique
446 1093 609 1136 advolat
639 1092 692 1135 ad
720 1092 929 1135 hominem
960 1107 1134 1150 serpens
1151 1094 1306 1137 alatus:
1336 1109 1460 1151 quem
1491 1110 1567 1152 pro
1592 1094 1749 1151 aquila,
1788 1091 2035 1136 Promethei
2067 1105 2220 1148 corpus

219 1166 443 1221 laniatura,
488 1182 513 1209 a
549 1166 711 1225 pictore
742 1166 1007 1209 substitutum
1045 1182 1140 1209 esse
1179 1174 1251 1210 aut
1278 1168 1465 1225 potuisse
1504 1168 1698 1211 substitui
1727 1181 1938 1223 nunquam
1974 1164 2095 1207 nobis
2126 1179 2219 1221 per-

218 1240 474 1282 suadebitur.
505 1266 564 1271 —
620 1239 809 1282 Necesse
841 1245 907 1281 est
935 1239 1062 1295 igitur
1091 1239 1204 1283 aliud
1232 1256 1328 1283 esse
1357 1241 1482 1284 huius
1511 1241 1702 1299 picturae
1732 1246 2044 1297 argumentum:
2089 1239 2217 1294 quod-

218 1327 311 1354 nam
342 1313 416 1366 sit,
446 1327 529 1355 non
550 1312 718 1369 quidem
740 1313 897 1369 pudeat
926 1326 992 1353 me
1014 1313 1202 1366 nescire3
1240 1329 1378 1370 neque
1400 1321 1560 1368 tamen,
1591 1314 1691 1371 quid
1707 1314 1807 1356 mihi
1829 1314 2043 1365 videatur,
2075 1312 2217 1353 dicere

216 1386 550 1439 verecundabor,
588 1401 715 1442 quum
744 1384 992 1442 praesertim
1021 1385 1192 1427 Iahnius
1223 1393 1388 1440 noster,
1432 1388 1733 1443 archaeologus
1764 1386 2065 1443 peritissimus,
2105 1385 2217 1426 idem

215 1459 294 1501 sibi
333 1460 488 1501 dudum
527 1458 661 1501 visum
699 1470 794 1499 esse
822 1457 1141 1513 significaverit,
1183 1458 1226 1500 in
1254 1459 1482 1501 Palamede
1520 1475 1561 1516 p.
1592 1460 1670 1512 44,
1721 1459 1927 1514 simulque
1966 1473 2112 1499 eorum
2151 1472 2217 1498 me

215 1531 495 1584 admonuerit,
549 1545 656 1587 quae
693 1530 737 1573 in
773 1529 947 1572 eandem
986 1529 1232 1573 sententiam
1270 1546 1294 1574 a
1330 1532 1420 1575 viro
1451 1532 1751 1586 illustrissimo,
1791 1532 1899 1579 duce
1938 1531 1992 1573 de
2021 1531 2214 1587 Luynes,

214 1605 370 1662 scripta
408 1611 504 1646 sunt
541 1604 583 1645 in
612 1603 841 1646 Annalibus
880 1603 974 1644 inst.
1013 1603 1222 1646 archaeol.
1261 1610 1360 1646 tom.
1398 1606 1444 1657 1,
1483 1620 1576 1662 pag.
1613 1605 1698 1646 407
1736 1620 1826 1660 sqq.
1886 1604 2048 1645 Videor
2086 1603 2214 1659 igitur

213 1678 313 1720 mihi
342 1678 551 1720 hominem
589 1691 818 1734 agnoscere
855 1676 898 1718 in
929 1690 1147 1718 cavernam
1178 1677 1413 1734 Trophonii
1450 1679 1798 1729 descendentem;
1841 1692 2015 1733 eamque
2047 1683 2212 1718 senten-

211 1752 311 1794 tiam
341 1752 465 1794 etiam
496 1757 640 1793 contra
669 1749 888 1792 Welckeri
918 1749 1263 1806 disputationem,
1294 1751 1336 1793 in
1366 1752 1539 1794 Diurnis
1571 1752 1810 1808 antiquariis
1841 1767 1878 1793 a.
1904 1752 2031 1805 1838,
2061 1767 2101 1808 p.
2126 1750 2210 1792 219

210 1825 331 1868 facile
363 1823 531 1867 defendi
561 1838 687 1880 posse
719 1823 912 1865 arbitror.
985 1822 1092 1865 Nam
1130 1824 1242 1879 quod
1279 1824 1315 1866 is
1345 1825 1615 1867 Palamedem
1644 1824 1951 1882 repraesentari
1982 1824 2118 1867 credit
2153 1824 2209 1866 la-

210 1899 375 1956 pidibus
406 1899 621 1949 obrutum,
653 1896 724 1940 vix
753 1896 888 1937 minus
918 1895 1163 1938 incredibile
1195 1902 1281 1950 est,
1321 1912 1444 1953 quam
1473 1898 1574 1940 illud
1604 1899 1656 1939 de
1686 1898 1959 1940 Prometheo.
2018 1896 2210 1939 Primum

210 1971 320 2012 enim
357 1970 400 2011 in
428 1969 700 2025 lapidatione,
746 1983 872 2023 quum
901 1967 1062 2023 lapides
1100 1982 1125 2009 a
1154 1983 1301 2024 magna
1331 1971 1592 2012 multitudine
1631 1970 1925 2021 coniiciuntur,
1969 1970 2047 2011 hos
2083 1983 2208 2010 nemo

210 2044 356 2086 credet
390 2043 448 2085 ita
486 2042 637 2084 cadere
666 2056 816 2098 posse,
867 2046 914 2083 ut
949 2040 991 2082 in
1028 2040 1136 2083 muri
1168 2041 1389 2098 diligenter
1420 2042 1647 2085 constructi
1682 2043 1857 2085 formam
1894 2048 2065 2094 coeant,
2111 2056 2207 2084 eum

208 2123 368 2170 autem,
407 2116 450 2159 in
480 2130 604 2172 quem
635 2113 813 2157 coniecti
843 2119 958 2168 sunt,
998 2120 1186 2157 erectum
1217 2121 1353 2169 stare,
1391 2115 1490 2159 dum
1520 2115 1678 2173 lapides
1709 2115 1761 2158 ad
1791 2116 1945 2172 pubem
1975 2129 2109 2171 usque
2141 2129 2205 2156 ac-

208 2190 469 2234 cumulantur
500 2194 542 2231 et
560 2193 657 2246 post
686 2202 783 2230 eum
812 2187 917 2229 adeo
948 2186 991 2229 in
1018 2187 1144 2229 altum
1167 2195 1420 2246 exsurgunt,
1450 2196 1496 2231 ut
1525 2203 1650 2246 supra
1679 2188 1812 2245 ipsius
1838 2195 1964 2245 caput
1985 2188 2203 2240 emineant,

208 2262 554 2321 quemadmodum
584 2261 627 2303 in
657 2261 734 2302 hac
765 2260 929 2318 pictura
957 2260 1111 2302 factum
1140 2260 1346 2303 videmus.
1406 2263 1501 2304 Non
1530 2262 1655 2319 igitur
1684 2262 1886 2318 intelligo,
1923 2262 1993 2318 qui
2023 2261 2205 2319 potuerit

206 2337 460 2378 Welckerus
491 2335 543 2376 ad
573 2334 711 2389 ipsum
743 2334 987 2389 adspectum
1016 2348 1269 2389 provocare,
1312 2336 1384 2391 qui
1422 2336 1521 2377 mihi
1551 2336 1719 2390 quidem
1749 2350 1913 2377 omnem
1942 2334 2204 2390 lapidationis

207 2409 499 2465 cogitationem
529 2407 758 2449 excludere
798 2413 840 2449 et
877 2407 1025 2463 procul
1055 2417 1200 2449 arcere
1231 2407 1414 2450 videtur.
1472 2407 1597 2464 Quod
1635 2414 1775 2450 autem
1814 2407 2025 2450 introitum
2063 2407 2105 2449 in
2137 2422 2203 2448 ca·

205 2495 375 2525 vernam
406 2479 642 2537 Trophonii
669 2479 981 2536 repraesentari
1010 2487 1153 2536 negat,
1184 2496 1267 2523 non
1296 2496 1397 2523 sane
1429 2481 1522 2523 ostii
1553 2480 1684 2523 instar
1714 2481 1924 2534 videmus,
1963 2481 2105 2537 patulo
2139 2483 2204 2523 vel

206 2555 319 2598 aditu
356 2554 423 2596 vel
465 2554 698 2596 descensu:
743 2552 821 2595 sed
857 2552 910 2595 ad
942 2552 1176 2609 Trophonii
1214 2568 1433 2597 cavernam
1470 2554 1719 2597 descensum
1757 2554 1887 2597 fuisse
1918 2554 2095 2611 legimus
2126 2570 2205 2612 per

203 2631 390 2673 foramen
427 2626 787 2682 angustissimum,
842 2634 926 2682 quo
964 2641 1091 2683 quum
1129 2627 1164 2669 is
1212 2627 1282 2683 qui
1320 2628 1601 2670 descensurus
1648 2634 1739 2669 erat
1774 2628 1905 2684 pedes
1945 2627 2202 2682 immisisset,

206 2702 341 2747 subito
372 2699 536 2742 occulta
565 2700 741 2756 quadam
765 2698 806 2742 vi
836 2698 946 2741 intus
967 2699 1248 2756 abriperetur:
1284 2700 1412 2757 idque
1441 2700 1628 2742 foramen
1650 2700 1780 2743 fuisse
1811 2701 1854 2742 in
1883 2701 2017 2743 latere
2048 2716 2202 2758 specus

207 2775 421 2819 cuiusdam
451 2786 534 2814 non
563 2780 711 2814 natura
735 2773 820 2815 sed·
842 2779 931 2815 arte
960 2773 1081 2827 facti,
1128 2774 1245 2816 cuius
1285 2774 1502 2816 circuitum
1534 2774 1746 2830 probabile
1785 2782 1850 2816 est
1890 2775 2097 2831 lapidibus
2129 2791 2199 2817 ex-
