<?xml version="1.0" encoding="UTF-8"?>
<!DOCTYPE html PUBLIC "-//W3C//DTD XHTML 1.0 Transitional//EN"
    "http://www.w3.org/TR/xhtml1/DTD/xhtml1-transitional.dtd">
<html xmlns="http://www.w3.org/1999/xhtml" xml:lang="en" lang="en">
 <head>
  <title>
</title>
<meta http-equiv="Content-Type" content="text/html;charset=utf-8" />
  <meta name='ocr-system' content='tesseract 3.04.00' />
  <meta name='ocr-capabilities' content='ocr_page ocr_carea ocr_par ocr_line ocrx_word'/>
</head>
<body>
  <div class='ocr_page' id='page_1' title='image "4769586_0013.png"; bbox 0 0 2493 3077; ppageno 0'>
   <div class='ocr_carea' id='block_1_1' title="bbox 1123 91 1395 141">
    <p class='ocr_par' dir='ltr' id='par_1_1' title="bbox 1123 91 1395 141">
     <span class='ocr_line' id='line_1_1' title="bbox 1123 91 1395 141; baseline -0.004 -8"><span class='ocrx_word' id='word_1_1' title='bbox 1123 91 1395 141; x_wconf 47' lang='grc' dir='ltr'><strong>ρ--σ--</strong></span> 
     </span>
    </p>
   </div>
   <div class='ocr_carea' id='block_1_2' title="bbox 256 212 2288 2837">
    <p class='ocr_par' dir='ltr' id='par_1_2' title="bbox 256 212 2288 2179">
     <span class='ocr_line' id='line_1_2' title="bbox 256 212 2264 277; baseline -0.002 -13"><span class='ocrx_word' id='word_1_2' title='bbox 256 222 461 277; x_wconf 79' lang='lat' dir='ltr'><strong>scriptum</strong></span> <span class='ocrx_word' id='word_1_3' title='bbox 489 219 623 262; x_wconf 83' lang='lat' dir='ltr'><strong>fuisse</strong></span> <span class='ocrx_word' id='word_1_4' title='bbox 647 217 897 273; x_wconf 79' lang='lat' dir='ltr'><strong>suspicatur.</strong></span> <span class='ocrx_word' id='word_1_5' title='bbox 943 216 1077 259; x_wconf 83' lang='lat' dir='ltr'><strong>Nobis</strong></span> <span class='ocrx_word' id='word_1_6' title='bbox 1106 217 1144 258; x_wconf 90' lang='lat' dir='ltr'><strong>si</strong></span> <span class='ocrx_word' id='word_1_7' title='bbox 1172 216 1324 258; x_wconf 88' lang='lat' dir='ltr'><strong>horum</strong></span> <span class='ocrx_word' id='word_1_8' title='bbox 1344 215 1592 257; x_wconf 84' lang='lat' dir='ltr'><strong>alterutrum</strong></span> <span class='ocrx_word' id='word_1_9' title='bbox 1618 212 1845 273; x_wconf 84' lang='lat' dir='ltr'><strong>optandum</strong></span> <span class='ocrx_word' id='word_1_10' title='bbox 1874 213 1951 269; x_wconf 78' lang='lat' dir='ltr'><strong>sit,</strong></span> <span class='ocrx_word' id='word_1_11' title='bbox 1981 221 2122 259; x_wconf 86' lang='lat' dir='ltr'><strong>utrum</strong></span> <span class='ocrx_word' id='word_1_12' title='bbox 2142 227 2264 274; x_wconf 80' lang='lat' dir='ltr'><strong>prae-</strong></span> 
     </span>
     <span class='ocr_line' id='line_1_3' title="bbox 259 288 2265 350; baseline -0.003 -13"><span class='ocrx_word' id='word_1_13' title='bbox 259 300 362 347; x_wconf 84' lang='lat' dir='ltr'><strong>stet,</strong></span> <span class='ocrx_word' id='word_1_14' title='bbox 404 294 529 350; x_wconf 90' lang='lat' dir='ltr'><strong>plane</strong></span> <span class='ocrx_word' id='word_1_15' title='bbox 568 306 650 334; x_wconf 91' lang='lat' dir='ltr'><strong>non</strong></span> <span class='ocrx_word' id='word_1_16' title='bbox 680 289 861 332; x_wconf 89' lang='lat' dir='ltr'><strong>dubitari</strong></span> <span class='ocrx_word' id='word_1_17' title='bbox 894 304 1023 346; x_wconf 89' lang='lat' dir='ltr'><strong>posse</strong></span> <span class='ocrx_word' id='word_1_18' title='bbox 1052 289 1234 333; x_wconf 87' lang='lat' dir='ltr'><strong>videtur.</strong></span> <span class='ocrx_word' id='word_1_19' title='bbox 1300 288 1409 331; x_wconf 88' lang='lat' dir='ltr'><strong>Nam</strong></span> <span class='ocrx_word' id='word_1_20' title='bbox 1447 302 1575 345; x_wconf 90' lang='lat' dir='ltr'><strong>quum</strong></span> <span class='ocrx_word' id='word_1_21' title='bbox 1614 294 1798 346; x_wconf 83' lang='lat' dir='ltr'><strong>opponat</strong></span> <span class='ocrx_word' id='word_1_22' title='bbox 1823 288 2107 332; x_wconf 82' lang='lat' dir='ltr'><strong>Prometheus</strong></span> <span class='ocrx_word' id='word_1_23' title='bbox 2147 289 2265 331; x_wconf 88' lang='lat' dir='ltr'><strong>chori</strong></span> 
     </span>
     <span class='ocr_line' id='line_1_4' title="bbox 258 361 2267 425; baseline -0.002 -15"><span class='ocrx_word' id='word_1_24' title='bbox 258 365 496 425; x_wconf 80' lang='lat' dir='ltr'><strong>praeceptis</strong></span> <span class='ocrx_word' id='word_1_25' title='bbox 526 379 643 408; x_wconf 89' lang='lat' dir='ltr'><strong>suam</strong></span> <span class='ocrx_word' id='word_1_26' title='bbox 672 362 806 420; x_wconf 90' lang='lat' dir='ltr'><strong>ipsius</strong></span> <span class='ocrx_word' id='word_1_27' title='bbox 835 362 1172 420; x_wconf 81' lang='lat' dir='ltr'><strong>intelligentiam,</strong></span> <span class='ocrx_word' id='word_1_28' title='bbox 1216 376 1375 418; x_wconf 88' lang='lat' dir='ltr'><strong>suaque</strong></span> <span class='ocrx_word' id='word_1_29' title='bbox 1413 375 1461 403; x_wconf 86' lang='lat' dir='ltr'><strong>se</strong></span> <span class='ocrx_word' id='word_1_30' title='bbox 1491 366 1640 417; x_wconf 85' lang='lat' dir='ltr'><strong>sponte</strong></span> <span class='ocrx_word' id='word_1_31' title='bbox 1672 368 1933 419; x_wconf 90' lang='lat' dir='ltr'><strong>compertum</strong></span> <span class='ocrx_word' id='word_1_32' title='bbox 1967 361 2125 405; x_wconf 85' lang='lat' dir='ltr'><strong>habere</strong></span> <span class='ocrx_word' id='word_1_33' title='bbox 2155 363 2267 406; x_wconf 90' lang='lat' dir='ltr'><strong>dicat</strong></span> 
     </span>
     <span class='ocr_line' id='line_1_5' title="bbox 261 434 2266 499; baseline -0.002 -15"><span class='ocrx_word' id='word_1_34' title='bbox 261 440 375 499; x_wconf 90' lang='lat' dir='ltr'><strong>quod</strong></span> <span class='ocrx_word' id='word_1_35' title='bbox 402 439 471 482; x_wconf 91' lang='lat' dir='ltr'><strong>ille</strong></span> <span class='ocrx_word' id='word_1_36' title='bbox 501 452 549 481; x_wconf 89' lang='lat' dir='ltr'><strong>se</strong></span> <span class='ocrx_word' id='word_1_37' title='bbox 580 436 745 485; x_wconf 83' lang='lat' dir='ltr'><strong>docere!</strong></span> <span class='ocrx_word' id='word_1_38' title='bbox 773 435 976 491; x_wconf 86' lang='lat' dir='ltr'><strong>voluerit,</strong></span> <span class='ocrx_word' id='word_1_39' title='bbox 1016 436 1060 480; x_wconf 94' lang='lat' dir='ltr'><strong>in</strong></span> <span class='ocrx_word' id='word_1_40' title='bbox 1096 436 1169 480; x_wconf 85' lang='lat' dir='ltr'><strong>tali</strong></span> <span class='ocrx_word' id='word_1_41' title='bbox 1200 434 1462 493; x_wconf 89' lang='lat' dir='ltr'><strong>oppositione</strong></span> <span class='ocrx_word' id='word_1_42' title='bbox 1493 449 1618 492; x_wconf 86' lang='lat' dir='ltr'><strong>quam</strong></span> <span class='ocrx_word' id='word_1_43' title='bbox 1647 440 1744 492; x_wconf 83' lang='lat' dir='ltr'><strong>apte</strong></span> <span class='ocrx_word' id='word_1_44' title='bbox 1776 436 1899 483; x_wconf 67' lang='grc' dir='ltr'><strong><em>αὐτός</em></strong></span> <span class='ocrx_word' id='word_1_45' title='bbox 1927 436 2174 493; x_wconf 90' lang='lat' dir='ltr'><strong>pronomine</strong></span> <span class='ocrx_word' id='word_1_46' title='bbox 2204 436 2266 480; x_wconf 86' lang='lat' dir='ltr'><strong>uti</strong></span> 
     </span>
     <span class='ocr_line' id='line_1_6' title="bbox 261 507 2268 573; baseline -0.001 -17"><span class='ocrx_word' id='word_1_47' title='bbox 261 512 464 573; x_wconf 88' lang='lat' dir='ltr'><strong>potuerit,</strong></span> <span class='ocrx_word' id='word_1_48' title='bbox 495 510 668 569; x_wconf 89' lang='lat' dir='ltr'><strong>quilibet</strong></span> <span class='ocrx_word' id='word_1_49' title='bbox 689 509 895 568; x_wconf 88' lang='lat' dir='ltr'><strong>intelligit.</strong></span> <span class='ocrx_word' id='word_1_50' title='bbox 955 509 1106 568; x_wconf 90' lang='lat' dir='ltr'><strong>Neque</strong></span> <span class='ocrx_word' id='word_1_51' title='bbox 1139 509 1320 553; x_wconf 84' lang='lat' dir='ltr'><strong>additam</strong></span> <span class='ocrx_word' id='word_1_52' title='bbox 1341 507 1578 567; x_wconf 90' lang='lat' dir='ltr'><strong>pronomini</strong></span> <span class='ocrx_word' id='word_1_53' title='bbox 1608 507 1734 552; x_wconf 88' lang='lat' dir='ltr'><strong>etiam</strong></span> <span class='ocrx_word' id='word_1_54' title='bbox 1764 508 2067 555; x_wconf 86' lang='lat' dir='ltr'><strong>adversativam</strong></span> <span class='ocrx_word' id='word_1_55' title='bbox 2097 509 2268 554; x_wconf 87' lang='lat' dir='ltr'><strong>coniun-</strong></span> 
     </span>
     <span class='ocr_line' id='line_1_7' title="bbox 262 583 2267 642; baseline -0 -13"><span class='ocrx_word' id='word_1_56' title='bbox 262 589 440 630; x_wconf 87' lang='lat' dir='ltr'><strong>ctionem</strong></span> <span class='ocrx_word' id='word_1_57' title='bbox 460 585 748 642; x_wconf 88' lang='lat' dir='ltr'><strong>requiremus,</strong></span> <span class='ocrx_word' id='word_1_58' title='bbox 781 585 1122 641; x_wconf 85' lang='lat' dir='ltr'><strong>quandoquidem</strong></span> <span class='ocrx_word' id='word_1_59' title='bbox 1151 597 1258 641; x_wconf 86' lang='lat' dir='ltr'><strong>quae</strong></span> <span class='ocrx_word' id='word_1_60' title='bbox 1279 583 1337 624; x_wconf 88' lang='lat' dir='ltr'><strong>ita</strong></span> <span class='ocrx_word' id='word_1_61' title='bbox 1356 583 1576 624; x_wconf 80' lang='lat' dir='ltr'><strong>manifesto</strong></span> <span class='ocrx_word' id='word_1_62' title='bbox 1606 583 1717 624; x_wconf 89' lang='lat' dir='ltr'><strong>inter</strong></span> <span class='ocrx_word' id='word_1_63' title='bbox 1738 595 1785 624; x_wconf 90' lang='lat' dir='ltr'><strong>se</strong></span> <span class='ocrx_word' id='word_1_64' title='bbox 1817 584 2010 640; x_wconf 85' lang='lat' dir='ltr'><strong>opposita</strong></span> <span class='ocrx_word' id='word_1_65' title='bbox 2039 590 2155 639; x_wconf 88' lang='lat' dir='ltr'><strong>sunt,</strong></span> <span class='ocrx_word' id='word_1_66' title='bbox 2185 583 2267 627; x_wconf 88' lang='lat' dir='ltr'><strong>isto</strong></span> 
     </span>
     <span class='ocr_line' id='line_1_8' title="bbox 261 656 2269 714; baseline 0 -12"><span class='ocrx_word' id='word_1_67' title='bbox 261 658 565 703; x_wconf 88' lang='lat' dir='ltr'><strong>coniunctionis</strong></span> <span class='ocrx_word' id='word_1_68' title='bbox 603 658 852 699; x_wconf 91' lang='lat' dir='ltr'><strong>adminiculo</strong></span> <span class='ocrx_word' id='word_1_69' title='bbox 890 658 1210 714; x_wconf 88' lang='lat' dir='ltr'><strong>haudquaquam</strong></span> <span class='ocrx_word' id='word_1_70' title='bbox 1248 670 1375 713; x_wconf 84' lang='lat' dir='ltr'><strong>egere</strong></span> <span class='ocrx_word' id='word_1_71' title='bbox 1410 656 1619 699; x_wconf 88' lang='lat' dir='ltr'><strong>videntur.</strong></span> <span class='ocrx_word' id='word_1_72' title='bbox 1694 656 1843 713; x_wconf 89' lang='lat' dir='ltr'><strong>Itaque</strong></span> <span class='ocrx_word' id='word_1_73' title='bbox 1879 657 1993 699; x_wconf 88' lang='lat' dir='ltr'><strong>nulla</strong></span> <span class='ocrx_word' id='word_1_74' title='bbox 2022 658 2143 702; x_wconf 86' lang='lat' dir='ltr'><strong>alteri</strong></span> <span class='ocrx_word' id='word_1_75' title='bbox 2172 671 2269 701; x_wconf 85' lang='lat' dir='ltr'><strong>con-</strong></span> 
     </span>
     <span class='ocr_line' id='line_1_9' title="bbox 260 728 2270 786; baseline -0 -11"><span class='ocrx_word' id='word_1_76' title='bbox 260 734 449 776; x_wconf 84' lang='lat' dir='ltr'><strong>iecturae</strong></span> <span class='ocrx_word' id='word_1_77' title='bbox 470 729 532 778; x_wconf 64' lang='grc' dir='ltr'><strong>ὅδε</strong></span> <span class='ocrx_word' id='word_1_78' title='bbox 560 728 598 777; x_wconf 69' lang='grc' dir='ltr'><strong>δὲ</strong></span> <span class='ocrx_word' id='word_1_79' title='bbox 623 730 932 774; x_wconf 91' lang='lat' dir='ltr'><strong>commendatio</strong></span> <span class='ocrx_word' id='word_1_80' title='bbox 957 746 1012 773; x_wconf 88' lang='lat' dir='ltr'><strong>ex</strong></span> <span class='ocrx_word' id='word_1_81' title='bbox 1038 730 1179 773; x_wconf 91' lang='lat' dir='ltr'><strong>addita</strong></span> <span class='ocrx_word' id='word_1_82' title='bbox 1199 730 1490 773; x_wconf 91' lang='lat' dir='ltr'><strong>coniunctione</strong></span> <span class='ocrx_word' id='word_1_83' title='bbox 1512 730 1711 772; x_wconf 72' lang='lat' dir='ltr'><strong>accedetz</strong></span> <span class='ocrx_word' id='word_1_84' title='bbox 1748 729 1887 785; x_wconf 89' lang='lat' dir='ltr'><strong>ipsum</strong></span> <span class='ocrx_word' id='word_1_85' title='bbox 1907 745 2010 773; x_wconf 90' lang='lat' dir='ltr'><strong>vero</strong></span> <span class='ocrx_word' id='word_1_86' title='bbox 2037 745 2270 786; x_wconf 90' lang='lat' dir='ltr'><strong>pronomen</strong></span> 
     </span>
     <span class='ocr_line' id='line_1_10' title="bbox 261 800 2270 862; baseline -0.004 -8"><span class='ocrx_word' id='word_1_87' title='bbox 261 803 326 854; x_wconf 63' lang='grc' dir='ltr'><strong>ἴδε</strong></span> <span class='ocrx_word' id='word_1_88' title='bbox 354 819 438 849; x_wconf 90' lang='lat' dir='ltr'><strong>non</strong></span> <span class='ocrx_word' id='word_1_89' title='bbox 466 803 623 862; x_wconf 89' lang='lat' dir='ltr'><strong>poterit</strong></span> <span class='ocrx_word' id='word_1_90' title='bbox 650 818 735 848; x_wconf 92' lang='lat' dir='ltr'><strong>non</strong></span> <span class='ocrx_word' id='word_1_91' title='bbox 764 804 888 862; x_wconf 88' lang='lat' dir='ltr'><strong>longe</strong></span> <span class='ocrx_word' id='word_1_92' title='bbox 920 818 1042 861; x_wconf 89' lang='lat' dir='ltr'><strong>quam</strong></span> <span class='ocrx_word' id='word_1_93' title='bbox 1074 801 1195 850; x_wconf 72' lang='grc' dir='ltr'><strong><em>αὐτός</em></strong></span> <span class='ocrx_word' id='word_1_94' title='bbox 1225 802 1413 846; x_wconf 90' lang='lat' dir='ltr'><strong>deterius</strong></span> <span class='ocrx_word' id='word_1_95' title='bbox 1442 801 1634 846; x_wconf 88' lang='lat' dir='ltr'><strong>iudicari.</strong></span> <span class='ocrx_word' id='word_1_96' title='bbox 1701 801 1799 846; x_wconf 86' lang='lat' dir='ltr'><strong>Etsi</strong></span> <span class='ocrx_word' id='word_1_97' title='bbox 1829 802 1941 846; x_wconf 88' lang='lat' dir='ltr'><strong>enim</strong></span> <span class='ocrx_word' id='word_1_98' title='bbox 1970 800 2032 850; x_wconf 65' lang='grc' dir='ltr'><strong>ὅδε</strong></span> <span class='ocrx_word' id='word_1_99' title='bbox 2059 818 2144 846; x_wconf 91' lang='lat' dir='ltr'><strong>non</strong></span> <span class='ocrx_word' id='word_1_100' title='bbox 2172 819 2270 847; x_wconf 85' lang='lat' dir='ltr'><strong>raro</strong></span> 
     </span>
     <span class='ocr_line' id='line_1_11' title="bbox 263 875 2270 936; baseline -0.001 -14"><span class='ocrx_word' id='word_1_101' title='bbox 263 879 389 923; x_wconf 85' lang='lat' dir='ltr'><strong>etiam</strong></span> <span class='ocrx_word' id='word_1_102' title='bbox 417 878 471 921; x_wconf 89' lang='lat' dir='ltr'><strong>de</strong></span> <span class='ocrx_word' id='word_1_103' title='bbox 500 878 636 936; x_wconf 87' lang='lat' dir='ltr'><strong>prima</strong></span> <span class='ocrx_word' id='word_1_104' title='bbox 670 891 852 936; x_wconf 89' lang='lat' dir='ltr'><strong>persona</strong></span> <span class='ocrx_word' id='word_1_105' title='bbox 882 877 1055 931; x_wconf 90' lang='lat' dir='ltr'><strong>dicitur,</strong></span> <span class='ocrx_word' id='word_1_106' title='bbox 1099 882 1146 919; x_wconf 91' lang='lat' dir='ltr'><strong>ut</strong></span> <span class='ocrx_word' id='word_1_107' title='bbox 1176 875 1438 934; x_wconf 86' lang='lat' dir='ltr'><strong>significetur</strong></span> <span class='ocrx_word' id='word_1_108' title='bbox 1468 891 1520 920; x_wconf 92' lang='lat' dir='ltr'><strong>eo</strong></span> <span class='ocrx_word' id='word_1_109' title='bbox 1550 875 1587 919; x_wconf 91' lang='lat' dir='ltr'><strong>is</strong></span> <span class='ocrx_word' id='word_1_110' title='bbox 1619 889 1644 919; x_wconf 88' lang='lat' dir='ltr'><strong>a</strong></span> <span class='ocrx_word' id='word_1_111' title='bbox 1673 882 1809 920; x_wconf 88' lang='lat' dir='ltr'><strong>semet</strong></span> <span class='ocrx_word' id='word_1_112' title='bbox 1837 876 1932 934; x_wconf 89' lang='lat' dir='ltr'><strong>ipse</strong></span> <span class='ocrx_word' id='word_1_113' title='bbox 1972 876 2044 934; x_wconf 92' lang='lat' dir='ltr'><strong>qui</strong></span> <span class='ocrx_word' id='word_1_114' title='bbox 2072 875 2270 934; x_wconf 90' lang='lat' dir='ltr'><strong>loquitur,</strong></span> 
     </span>
     <span class='ocr_line' id='line_1_12' title="bbox 262 948 2271 1009; baseline -0.001 -14"><span class='ocrx_word' id='word_1_115' title='bbox 262 953 326 996; x_wconf 90' lang='lat' dir='ltr'><strong>vis</strong></span> <span class='ocrx_word' id='word_1_116' title='bbox 355 958 495 1009; x_wconf 84' lang='lat' dir='ltr'><strong>tamen</strong></span> <span class='ocrx_word' id='word_1_117' title='bbox 524 951 616 993; x_wconf 89' lang='lat' dir='ltr'><strong>eius</strong></span> <span class='ocrx_word' id='word_1_118' title='bbox 645 964 729 993; x_wconf 91' lang='lat' dir='ltr'><strong>non</strong></span> <span class='ocrx_word' id='word_1_119' title='bbox 750 952 856 993; x_wconf 89' lang='lat' dir='ltr'><strong>haec</strong></span> <span class='ocrx_word' id='word_1_120' title='bbox 887 956 973 1003; x_wconf 88' lang='lat' dir='ltr'><strong>est,</strong></span> <span class='ocrx_word' id='word_1_121' title='bbox 1003 955 1050 992; x_wconf 89' lang='lat' dir='ltr'><strong>ut</strong></span> <span class='ocrx_word' id='word_1_122' title='bbox 1079 948 1115 991; x_wconf 93' lang='lat' dir='ltr'><strong>is</strong></span> <span class='ocrx_word' id='word_1_123' title='bbox 1140 949 1233 1007; x_wconf 91' lang='lat' dir='ltr'><strong>ipse</strong></span> <span class='ocrx_word' id='word_1_124' title='bbox 1264 950 1408 1004; x_wconf 85' lang='lat' dir='ltr'><strong>alteri,</strong></span> <span class='ocrx_word' id='word_1_125' title='bbox 1438 951 1553 993; x_wconf 89' lang='lat' dir='ltr'><strong>solus</strong></span> <span class='ocrx_word' id='word_1_126' title='bbox 1584 955 1657 993; x_wconf 91' lang='lat' dir='ltr'><strong>aut</strong></span> <span class='ocrx_word' id='word_1_127' title='bbox 1685 964 1763 993; x_wconf 90' lang='lat' dir='ltr'><strong>sua</strong></span> <span class='ocrx_word' id='word_1_128' title='bbox 1785 956 1935 1008; x_wconf 90' lang='lat' dir='ltr'><strong>sponte</strong></span> <span class='ocrx_word' id='word_1_129' title='bbox 1963 950 2120 1008; x_wconf 91' lang='lat' dir='ltr'><strong>aliquid</strong></span> <span class='ocrx_word' id='word_1_130' title='bbox 2144 963 2271 1008; x_wconf 87' lang='lat' dir='ltr'><strong>agens</strong></span> 
     </span>
     <span class='ocr_line' id='line_1_13' title="bbox 265 1022 2272 1080; baseline -0.001 -12"><span class='ocrx_word' id='word_1_131' title='bbox 265 1026 368 1068; x_wconf 91' lang='lat' dir='ltr'><strong>alius</strong></span> <span class='ocrx_word' id='word_1_132' title='bbox 397 1025 466 1067; x_wconf 89' lang='lat' dir='ltr'><strong>vel</strong></span> <span class='ocrx_word' id='word_1_133' title='bbox 495 1023 756 1066; x_wconf 89' lang='lat' dir='ltr'><strong>hortantibus</strong></span> <span class='ocrx_word' id='word_1_134' title='bbox 787 1024 854 1067; x_wconf 89' lang='lat' dir='ltr'><strong>vel</strong></span> <span class='ocrx_word' id='word_1_135' title='bbox 884 1022 1199 1065; x_wconf 90' lang='lat' dir='ltr'><strong>admonentibus</strong></span> <span class='ocrx_word' id='word_1_136' title='bbox 1229 1023 1297 1065; x_wconf 89' lang='lat' dir='ltr'><strong>vel</strong></span> <span class='ocrx_word' id='word_1_137' title='bbox 1326 1024 1465 1079; x_wconf 90' lang='lat' dir='ltr'><strong>aliquo</strong></span> <span class='ocrx_word' id='word_1_138' title='bbox 1495 1023 1620 1065; x_wconf 90' lang='lat' dir='ltr'><strong>modo</strong></span> <span class='ocrx_word' id='word_1_139' title='bbox 1652 1024 1705 1065; x_wconf 93' lang='lat' dir='ltr'><strong>ad</strong></span> <span class='ocrx_word' id='word_1_140' title='bbox 1737 1038 1835 1067; x_wconf 92' lang='lat' dir='ltr'><strong>eum</strong></span> <span class='ocrx_word' id='word_1_141' title='bbox 1862 1024 2168 1080; x_wconf 89' lang='lat' dir='ltr'><strong>pertinentibus</strong></span> <span class='ocrx_word' id='word_1_142' title='bbox 2199 1038 2272 1079; x_wconf 92' lang='lat' dir='ltr'><strong>op-</strong></span> 
     </span>
     <span class='ocr_line' id='line_1_14' title="bbox 263 1094 2273 1157; baseline -0.002 -15"><span class='ocrx_word' id='word_1_143' title='bbox 263 1104 463 1157; x_wconf 89' lang='lat' dir='ltr'><strong>ponatur,</strong></span> <span class='ocrx_word' id='word_1_144' title='bbox 507 1095 857 1154; x_wconf 89' lang='lat' dir='ltr'><strong>quemadmodum</strong></span> <span class='ocrx_word' id='word_1_145' title='bbox 893 1095 942 1139; x_wconf 89' lang='lat' dir='ltr'><strong>fit</strong></span> <span class='ocrx_word' id='word_1_146' title='bbox 977 1094 1020 1140; x_wconf 92' lang='lat' dir='ltr'><strong>in</strong></span> <span class='ocrx_word' id='word_1_147' title='bbox 1056 1095 1303 1153; x_wconf 90' lang='lat' dir='ltr'><strong>pronomine</strong></span> <span class='ocrx_word' id='word_1_148' title='bbox 1334 1096 1468 1145; x_wconf 77' lang='grc' dir='ltr'><strong><em>οιύτὸς,</em></strong></span> <span class='ocrx_word' id='word_1_149' title='bbox 1500 1095 1579 1139; x_wconf 88' lang='lat' dir='ltr'><strong>sed</strong></span> <span class='ocrx_word' id='word_1_150' title='bbox 1609 1102 1676 1139; x_wconf 89' lang='lat' dir='ltr'><strong>est</strong></span> <span class='ocrx_word' id='word_1_151' title='bbox 1710 1095 1782 1139; x_wconf 86' lang='lat' dir='ltr'><strong>issa</strong></span> <span class='ocrx_word' id='word_1_152' title='bbox 1818 1096 2117 1139; x_wconf 85' lang='lat' dir='ltr'><strong>demonstratio</strong></span> <span class='ocrx_word' id='word_1_153' title='bbox 2155 1111 2273 1138; x_wconf 83' lang='lat' dir='ltr'><strong>mere</strong></span> 
     </span>
     <span class='ocr_line' id='line_1_15' title="bbox 264 1169 2274 1229; baseline -0.002 -12"><span class='ocrx_word' id='word_1_154' title='bbox 264 1172 431 1227; x_wconf 85' lang='lat' dir='ltr'><strong>localis,</strong></span> <span class='ocrx_word' id='word_1_155' title='bbox 463 1186 544 1229; x_wconf 90' lang='lat' dir='ltr'><strong>qua</strong></span> <span class='ocrx_word' id='word_1_156' title='bbox 574 1171 737 1214; x_wconf 76' lang='lat' dir='ltr'><strong>etiamsi</strong></span> <span class='ocrx_word' id='word_1_157' title='bbox 764 1169 920 1229; x_wconf 89' lang='lat' dir='ltr'><strong>possit,</strong></span> <span class='ocrx_word' id='word_1_158' title='bbox 952 1170 1024 1228; x_wconf 92' lang='lat' dir='ltr'><strong>qui</strong></span> <span class='ocrx_word' id='word_1_159' title='bbox 1053 1169 1113 1214; x_wconf 90' lang='lat' dir='ltr'><strong>ita</strong></span> <span class='ocrx_word' id='word_1_160' title='bbox 1143 1171 1472 1224; x_wconf 87' lang='lat' dir='ltr'><strong>demonstratur,</strong></span> <span class='ocrx_word' id='word_1_161' title='bbox 1504 1169 1594 1213; x_wconf 85' lang='lat' dir='ltr'><strong>aliis</strong></span> <span class='ocrx_word' id='word_1_162' title='bbox 1625 1169 1932 1227; x_wconf 88' lang='lat' dir='ltr'><strong>quodammodo</strong></span> <span class='ocrx_word' id='word_1_163' title='bbox 1964 1170 2089 1214; x_wconf 87' lang='lat' dir='ltr'><strong>etiam</strong></span> <span class='ocrx_word' id='word_1_164' title='bbox 2120 1170 2274 1227; x_wconf 89' lang='lat' dir='ltr'><strong>opponi</strong></span> 
     </span>
     <span class='ocr_line' id='line_1_16' title="bbox 265 1243 2275 1302; baseline -0.001 -13"><span class='ocrx_word' id='word_1_165' title='bbox 265 1245 423 1299; x_wconf 89' lang='lat' dir='ltr'><strong>videri,</strong></span> <span class='ocrx_word' id='word_1_166' title='bbox 466 1258 550 1287; x_wconf 91' lang='lat' dir='ltr'><strong>non</strong></span> <span class='ocrx_word' id='word_1_167' title='bbox 586 1244 706 1287; x_wconf 89' lang='lat' dir='ltr'><strong>aliter</strong></span> <span class='ocrx_word' id='word_1_168' title='bbox 741 1249 881 1286; x_wconf 91' lang='lat' dir='ltr'><strong>tamen</strong></span> <span class='ocrx_word' id='word_1_169' title='bbox 918 1243 1165 1301; x_wconf 90' lang='lat' dir='ltr'><strong>opponitur,</strong></span> <span class='ocrx_word' id='word_1_170' title='bbox 1208 1243 1290 1287; x_wconf 91' lang='lat' dir='ltr'><strong>nisi</strong></span> <span class='ocrx_word' id='word_1_171' title='bbox 1328 1251 1533 1302; x_wconf 89' lang='lat' dir='ltr'><strong>quatenus</strong></span> <span class='ocrx_word' id='word_1_172' title='bbox 1569 1243 1651 1287; x_wconf 88' lang='lat' dir='ltr'><strong>hoc</strong></span> <span class='ocrx_word' id='word_1_173' title='bbox 1687 1244 1803 1298; x_wconf 92' lang='lat' dir='ltr'><strong>loco,</strong></span> <span class='ocrx_word' id='word_1_174' title='bbox 1849 1258 1934 1288; x_wconf 92' lang='lat' dir='ltr'><strong>non</strong></span> <span class='ocrx_word' id='word_1_175' title='bbox 1971 1243 2068 1287; x_wconf 89' lang='lat' dir='ltr'><strong>alibi</strong></span> <span class='ocrx_word' id='word_1_176' title='bbox 2098 1250 2184 1298; x_wconf 91' lang='lat' dir='ltr'><strong>est,</strong></span> <span class='ocrx_word' id='word_1_177' title='bbox 2228 1250 2275 1287; x_wconf 90' lang='lat' dir='ltr'><strong>ut</strong></span> 
     </span>
     <span class='ocr_line' id='line_1_17' title="bbox 266 1316 2274 1374; baseline -0.001 -12"><span class='ocrx_word' id='word_1_178' title='bbox 266 1319 424 1362; x_wconf 91' lang='lat' dir='ltr'><strong>rectius</strong></span> <span class='ocrx_word' id='word_1_179' title='bbox 455 1318 752 1360; x_wconf 89' lang='lat' dir='ltr'><strong>discretionem</strong></span> <span class='ocrx_word' id='word_1_180' title='bbox 780 1318 887 1359; x_wconf 90' lang='lat' dir='ltr'><strong>hanc</strong></span> <span class='ocrx_word' id='word_1_181' title='bbox 919 1324 989 1359; x_wconf 87' lang='lat' dir='ltr'><strong>aut</strong></span> <span class='ocrx_word' id='word_1_182' title='bbox 1018 1317 1407 1359; x_wconf 87' lang='lat' dir='ltr'><strong>determinationem</strong></span> <span class='ocrx_word' id='word_1_183' title='bbox 1437 1331 1561 1374; x_wconf 90' lang='lat' dir='ltr'><strong>quam</strong></span> <span class='ocrx_word' id='word_1_184' title='bbox 1590 1316 1896 1374; x_wconf 89' lang='lat' dir='ltr'><strong>oppositionem</strong></span> <span class='ocrx_word' id='word_1_185' title='bbox 1928 1317 2148 1360; x_wconf 90' lang='lat' dir='ltr'><strong>dicendam</strong></span> <span class='ocrx_word' id='word_1_186' title='bbox 2178 1331 2274 1359; x_wconf 85' lang='lat' dir='ltr'><strong>esse</strong></span> 
     </span>
     <span class='ocr_line' id='line_1_18' title="bbox 268 1387 2274 1450; baseline -0.001 -14"><span class='ocrx_word' id='word_1_187' title='bbox 268 1398 482 1450; x_wconf 88' lang='lat' dir='ltr'><strong>appareat.</strong></span> <span class='ocrx_word' id='word_1_188' title='bbox 544 1390 709 1447; x_wconf 78' lang='lat' dir='ltr'><strong>Quodsi</strong></span> <span class='ocrx_word' id='word_1_189' title='bbox 740 1390 832 1446; x_wconf 93' lang='lat' dir='ltr'><strong>quis</strong></span> <span class='ocrx_word' id='word_1_190' title='bbox 863 1391 1057 1446; x_wconf 87' lang='lat' dir='ltr'><strong>exempla</strong></span> <span class='ocrx_word' id='word_1_191' title='bbox 1085 1390 1343 1447; x_wconf 89' lang='lat' dir='ltr'><strong>pronominis</strong></span> <span class='ocrx_word' id='word_1_192' title='bbox 1373 1387 1435 1437; x_wconf 64' lang='grc' dir='ltr'><strong>ὅδε</strong></span> <span class='ocrx_word' id='word_1_193' title='bbox 1464 1390 1523 1433; x_wconf 83' lang='lat' dir='ltr'><strong>ita</strong></span> <span class='ocrx_word' id='word_1_194' title='bbox 1550 1390 1742 1448; x_wconf 82' lang='lat' dir='ltr'><strong>usurpati</strong></span> <span class='ocrx_word' id='word_1_195' title='bbox 1770 1390 2121 1444; x_wconf 87' lang='lat' dir='ltr'><strong>consideraverit,</strong></span> <span class='ocrx_word' id='word_1_196' title='bbox 2151 1390 2274 1434; x_wconf 89' lang='lat' dir='ltr'><strong>facile</strong></span> 
     </span>
     <span class='ocr_line' id='line_1_19' title="bbox 268 1462 2275 1520; baseline -0.001 -12"><span class='ocrx_word' id='word_1_197' title='bbox 268 1465 490 1520; x_wconf 84' lang='lat' dir='ltr'><strong>intelliget,</strong></span> <span class='ocrx_word' id='word_1_198' title='bbox 521 1462 640 1505; x_wconf 90' lang='lat' dir='ltr'><strong>alteri</strong></span> <span class='ocrx_word' id='word_1_199' title='bbox 668 1462 903 1519; x_wconf 89' lang='lat' dir='ltr'><strong>pronomini</strong></span> <span class='ocrx_word' id='word_1_200' title='bbox 934 1462 1068 1515; x_wconf 74' lang='grc' dir='ltr'><strong>αὐτός,</strong></span> <span class='ocrx_word' id='word_1_201' title='bbox 1099 1463 1213 1519; x_wconf 90' lang='lat' dir='ltr'><strong>quod</strong></span> <span class='ocrx_word' id='word_1_202' title='bbox 1241 1476 1384 1506; x_wconf 88' lang='lat' dir='ltr'><strong>veram</strong></span> <span class='ocrx_word' id='word_1_203' title='bbox 1415 1463 1723 1520; x_wconf 92' lang='lat' dir='ltr'><strong>oppositionem</strong></span> <span class='ocrx_word' id='word_1_204' title='bbox 1752 1463 1922 1517; x_wconf 85' lang='lat' dir='ltr'><strong>indicat,</strong></span> <span class='ocrx_word' id='word_1_205' title='bbox 1951 1464 2074 1520; x_wconf 85' lang='lat' dir='ltr'><strong>plane</strong></span> <span class='ocrx_word' id='word_1_206' title='bbox 2104 1478 2188 1506; x_wconf 91' lang='lat' dir='ltr'><strong>non</strong></span> <span class='ocrx_word' id='word_1_207' title='bbox 2216 1464 2275 1506; x_wconf 90' lang='lat' dir='ltr'><strong>lo-</strong></span> 
     </span>
     <span class='ocr_line' id='line_1_20' title="bbox 268 1534 2276 1599; baseline 0.001 -17"><span class='ocrx_word' id='word_1_208' title='bbox 268 1554 363 1582; x_wconf 91' lang='lat' dir='ltr'><strong>cum</strong></span> <span class='ocrx_word' id='word_1_209' title='bbox 391 1536 544 1590; x_wconf 84' lang='lat' dir='ltr'><strong>fuisse,</strong></span> <span class='ocrx_word' id='word_1_210' title='bbox 574 1535 703 1580; x_wconf 89' lang='lat' dir='ltr'><strong>veluti</strong></span> <span class='ocrx_word' id='word_1_211' title='bbox 733 1536 845 1593; x_wconf 88' lang='lat' dir='ltr'><strong>apud</strong></span> <span class='ocrx_word' id='word_1_212' title='bbox 872 1535 1125 1593; x_wconf 88' lang='lat' dir='ltr'><strong>Euripidem</strong></span> <span class='ocrx_word' id='word_1_213' title='bbox 1154 1537 1314 1580; x_wconf 89' lang='lat' dir='ltr'><strong>Alcest.</strong></span> <span class='ocrx_word' id='word_1_214' title='bbox 1343 1551 1384 1580; x_wconf 88' lang='lat' dir='ltr'><strong>v.</strong></span> <span class='ocrx_word' id='word_1_215' title='bbox 1403 1536 1487 1580; x_wconf 83' lang='lat'><strong>752</strong></span> <span class='ocrx_word' id='word_1_216' title='bbox 1506 1537 1673 1581; x_wconf 79' lang='lat' dir='ltr'><strong>Monk.=</strong></span> <span class='ocrx_word' id='word_1_217' title='bbox 1710 1541 1753 1584; x_wconf 82' lang='grc' dir='ltr'><strong>ου’</strong></span> <span class='ocrx_word' id='word_1_218' title='bbox 1774 1536 1858 1596; x_wconf 60' lang='lat' dir='ltr'><strong>‘yde</strong></span> <span class='ocrx_word' id='word_1_219' title='bbox 1880 1534 1972 1599; x_wconf 67' lang='grc' dir='ltr'><strong>τῷδ’</strong></span> <span class='ocrx_word' id='word_1_220' title='bbox 1994 1539 2050 1584; x_wconf 74' lang='grc' dir='ltr'><strong>ἔτ’</strong></span> <span class='ocrx_word' id='word_1_221' title='bbox 2070 1542 2108 1583; x_wconf 78' lang='grc' dir='ltr'><strong>ἐς</strong></span> <span class='ocrx_word' id='word_1_222' title='bbox 2124 1536 2276 1584; x_wconf 63' lang='grc' dir='ltr'><strong>ταύτὸ</strong></span> 
     </span>
     <span class='ocr_line' id='line_1_21' title="bbox 268 1607 2278 1674; baseline -0.001 -16"><span class='ocrx_word' id='word_1_223' title='bbox 268 1616 409 1668; x_wconf 71' lang='grc' dir='ltr'><strong><em>στέγος</em></strong></span> <span class='ocrx_word' id='word_1_224' title='bbox 437 1608 567 1664; x_wconf 56' lang='lat' dir='ltr'><strong>ate-1⁹32,</strong></span> <span class='ocrx_word' id='word_1_225' title='bbox 605 1609 647 1651; x_wconf 88' lang='lat' dir='ltr'><strong>h·</strong></span> <span class='ocrx_word' id='word_1_226' title='bbox 679 1623 717 1651; x_wconf 79' lang='lat' dir='ltr'><strong>e·</strong></span> <span class='ocrx_word' id='word_1_227' title='bbox 749 1610 815 1655; x_wconf 75' lang='grc' dir='ltr'><strong>οὐκ</strong></span> <span class='ocrx_word' id='word_1_228' title='bbox 844 1613 945 1667; x_wconf 76' lang='grc' dir='ltr'><strong>ἐμοί,</strong></span> <span class='ocrx_word' id='word_1_229' title='bbox 982 1622 1067 1652; x_wconf 90' lang='lat' dir='ltr'><strong>non</strong></span> <span class='ocrx_word' id='word_1_230' title='bbox 1096 1611 1176 1668; x_wconf 76' lang='grc' dir='ltr'><strong>ἐμοὶ</strong></span> <span class='ocrx_word' id='word_1_231' title='bbox 1207 1611 1338 1673; x_wconf 72' lang='grc' dir='ltr'><strong>αὐτῷ,</strong></span> <span class='ocrx_word' id='word_1_232' title='bbox 1376 1616 1419 1652; x_wconf 87' lang='lat' dir='ltr'><strong>et</strong></span> <span class='ocrx_word' id='word_1_233' title='bbox 1441 1610 1541 1652; x_wconf 89' lang='lat' dir='ltr'><strong>ibid.</strong></span> <span class='ocrx_word' id='word_1_234' title='bbox 1572 1625 1612 1654; x_wconf 88' lang='lat' dir='ltr'><strong>v.</strong></span> <span class='ocrx_word' id='word_1_235' title='bbox 1645 1610 1780 1653; x_wconf 80' lang='lat'>1109:</span> <span class='ocrx_word' id='word_1_236' title='bbox 1827 1614 1896 1655; x_wconf 74' lang='grc' dir='ltr'><strong>οὐκ</strong></span> <span class='ocrx_word' id='word_1_237' title='bbox 1933 1612 2035 1656; x_wconf 76' lang='grc' dir='ltr'><em>ἔστιν</em></span> <span class='ocrx_word' id='word_1_238' title='bbox 2064 1608 2149 1663; x_wconf 69' lang='grc' dir='ltr'><strong><em>ἥτις·</em></strong></span> <span class='ocrx_word' id='word_1_239' title='bbox 2178 1607 2278 1674; x_wconf 65' lang='grc' dir='ltr'><strong>τῷδε</strong></span> 
     </span>
     <span class='ocr_line' id='line_1_22' title="bbox 266 1680 2275 1741; baseline -0 -12"><span class='ocrx_word' id='word_1_240' title='bbox 266 1682 603 1740; x_wconf 69' lang='grc' dir='ltr'><strong>συγκλιθῆσεται,</strong></span> <span class='ocrx_word' id='word_1_241' title='bbox 633 1682 705 1724; x_wconf 89' lang='lat' dir='ltr'><strong>ubi</strong></span> <span class='ocrx_word' id='word_1_242' title='bbox 727 1681 829 1723; x_wconf 88' lang='lat' dir='ltr'><strong>item</strong></span> <span class='ocrx_word' id='word_1_243' title='bbox 851 1682 987 1738; x_wconf 89' lang='lat' dir='ltr'><strong>potuit</strong></span> <span class='ocrx_word' id='word_1_244' title='bbox 1012 1680 1096 1734; x_wconf 72' lang='grc' dir='ltr'><strong><em>ἥτις·</em></strong></span> <span class='ocrx_word' id='word_1_245' title='bbox 1118 1685 1216 1740; x_wconf 73' lang='grc' dir='ltr'><strong>ἐμοὶ,</strong></span> <span class='ocrx_word' id='word_1_246' title='bbox 1256 1688 1327 1724; x_wconf 81' lang='lat' dir='ltr'><strong>aut</strong></span> <span class='ocrx_word' id='word_1_247' title='bbox 1347 1682 1473 1724; x_wconf 77' lang='lat' dir='ltr'><strong>etiam</strong></span> <span class='ocrx_word' id='word_1_248' title='bbox 1494 1704 1580 1741; x_wconf 75' lang='grc' dir='ltr'><strong>μοι,</strong></span> <span class='ocrx_word' id='word_1_249' title='bbox 1611 1682 1955 1739; x_wconf 74' lang='grc' dir='ltr'><strong>συγκλιθῆσετοιι,</strong></span> <span class='ocrx_word' id='word_1_250' title='bbox 1987 1682 2065 1725; x_wconf 76' lang='lat' dir='ltr'><strong>sed</strong></span> <span class='ocrx_word' id='word_1_251' title='bbox 2090 1680 2175 1735; x_wconf 74' lang='grc' dir='ltr'><strong>ἥτις</strong></span> <span class='ocrx_word' id='word_1_252' title='bbox 2196 1685 2275 1740; x_wconf 72' lang='grc' dir='ltr'><strong>ἐμοὶ</strong></span> 
     </span>
     <span class='ocr_line' id='line_1_23' title="bbox 265 1754 2276 1819; baseline -0.002 -17"><span class='ocrx_word' id='word_1_253' title='bbox 265 1759 375 1819; x_wconf 72' lang='grc' dir='ltr'><strong>αὐτῷ</strong></span> <span class='ocrx_word' id='word_1_254' title='bbox 404 1754 721 1811; x_wconf 74' lang='grc' dir='ltr'><strong><em>συγκλιθήσετοιι</em></strong></span> <span class='ocrx_word' id='word_1_255' title='bbox 737 1769 822 1796; x_wconf 89' lang='lat' dir='ltr'><strong>non</strong></span> <span class='ocrx_word' id='word_1_256' title='bbox 840 1754 977 1810; x_wconf 88' lang='lat' dir='ltr'><strong>potuit</strong></span> <span class='ocrx_word' id='word_1_257' title='bbox 998 1754 1095 1797; x_wconf 90' lang='lat' dir='ltr'><strong>dici.</strong></span> <span class='ocrx_word' id='word_1_258' title='bbox 1144 1754 1204 1797; x_wconf 88' lang='lat' dir='ltr'><strong>Et</strong></span> <span class='ocrx_word' id='word_1_259' title='bbox 1223 1755 1336 1811; x_wconf 91' lang='lat' dir='ltr'><strong>quod</strong></span> <span class='ocrx_word' id='word_1_260' title='bbox 1357 1756 1470 1812; x_wconf 90' lang='lat' dir='ltr'><strong>apud</strong></span> <span class='ocrx_word' id='word_1_261' title='bbox 1496 1756 1759 1812; x_wconf 90' lang='lat' dir='ltr'><strong>Aeschylum</strong></span> <span class='ocrx_word' id='word_1_262' title='bbox 1775 1755 1819 1797; x_wconf 91' lang='lat' dir='ltr'><strong>in</strong></span> <span class='ocrx_word' id='word_1_263' title='bbox 1846 1756 2021 1812; x_wconf 85' lang='lat' dir='ltr'><strong>prologo</strong></span> <span class='ocrx_word' id='word_1_264' title='bbox 2044 1756 2276 1798; x_wconf 88' lang='lat' dir='ltr'><strong>Persarum</strong></span> 
     </span>
     <span class='ocr_line' id='line_1_24' title="bbox 268 1823 2288 1886; baseline -0.001 -14"><span class='ocrx_word' id='word_1_265' title='bbox 268 1830 421 1872; x_wconf 86' lang='lat' dir='ltr'><strong>chorus</strong></span> <span class='ocrx_word' id='word_1_266' title='bbox 452 1827 575 1880; x_wconf 85' lang='lat' dir='ltr'><strong>dicit,</strong></span> <span class='ocrx_word' id='word_1_267' title='bbox 606 1823 706 1872; x_wconf 60' lang='grc' dir='ltr'><strong>τάδε</strong></span> <span class='ocrx_word' id='word_1_268' title='bbox 733 1830 802 1883; x_wconf 77' lang='grc' dir='ltr'><strong>μὲν</strong></span> <span class='ocrx_word' id='word_1_269' title='bbox 832 1830 984 1886; x_wconf 67' lang='grc' dir='ltr'><strong><em>Περσῶν</em></strong></span> <span class='ocrx_word' id='word_1_270' title='bbox 1013 1830 1088 1872; x_wconf 71' lang='grc' dir='ltr'><strong>τῶν</strong></span> <span class='ocrx_word' id='word_1_271' title='bbox 1118 1831 1323 1884; x_wconf 76' lang='grc' dir='ltr'><strong><em>οἰχομένων</em></strong></span> <span class='ocrx_word' id='word_1_272' title='bbox 1353 1825 1517 1874; x_wconf 68' lang='grc' dir='ltr'>Ἑλλάδ’</span> <span class='ocrx_word' id='word_1_273' title='bbox 1546 1833 1586 1873; x_wconf 76' lang='grc' dir='ltr'><strong>ἔς</strong></span> <span class='ocrx_word' id='word_1_274' title='bbox 1615 1828 1708 1873; x_wconf 70' lang='grc' dir='ltr'><strong><em>αῖσιν</em></strong></span> <span class='ocrx_word' id='word_1_275' title='bbox 1737 1827 1869 1874; x_wconf 79' lang='grc' dir='ltr'><strong><em>πιστοὶ</em></strong></span> <span class='ocrx_word' id='word_1_276' title='bbox 1900 1837 2111 1883; x_wconf 76' lang='grc' dir='ltr'><strong>καλεῖται,</strong></span> <span class='ocrx_word' id='word_1_277' title='bbox 2141 1828 2288 1885; x_wconf 86' lang='lat' dir='ltr'><strong>potuit·</strong></span> 
     </span>
     <span class='ocr_line' id='line_1_25' title="bbox 268 1899 2277 1961; baseline 0 -17"><span class='ocrx_word' id='word_1_278' title='bbox 268 1901 411 1945; x_wconf 89' lang='lat' dir='ltr'><strong>dicere</strong></span> <span class='ocrx_word' id='word_1_279' title='bbox 441 1901 547 1960; x_wconf 73' lang='grc' dir='ltr'><em>ἡμεῖς</em></span> <span class='ocrx_word' id='word_1_280' title='bbox 574 1902 642 1958; x_wconf 82' lang='grc' dir='ltr'><strong>μὲν</strong></span> <span class='ocrx_word' id='word_1_281' title='bbox 674 1924 729 1932; x_wconf 90' lang='grc'><strong>-</strong></span> <span class='ocrx_word' id='word_1_282' title='bbox 759 1902 892 1947; x_wconf 75' lang='grc' dir='ltr'><strong><em>πιστοὶ</em></strong></span> <span class='ocrx_word' id='word_1_283' title='bbox 922 1899 1182 1957; x_wconf 72' lang='grc' dir='ltr'>καλούμεθα,</span> <span class='ocrx_word' id='word_1_284' title='bbox 1211 1915 1295 1944; x_wconf 90' lang='lat' dir='ltr'><strong>non</strong></span> <span class='ocrx_word' id='word_1_285' title='bbox 1321 1901 1459 1959; x_wconf 87' lang='lat' dir='ltr'><strong>potuit</strong></span> <span class='ocrx_word' id='word_1_286' title='bbox 1481 1902 1587 1961; x_wconf 74' lang='grc' dir='ltr'><em>ἡμεῖς</em></span> <span class='ocrx_word' id='word_1_287' title='bbox 1606 1903 1722 1949; x_wconf 71' lang='grc' dir='ltr'><strong><em>αὐτοί</em></strong></span> <span class='ocrx_word' id='word_1_288' title='bbox 1769 1902 1951 1945; x_wconf 89' lang='lat' dir='ltr'><strong>Accedit</strong></span> <span class='ocrx_word' id='word_1_289' title='bbox 1973 1901 2086 1959; x_wconf 92' lang='lat' dir='ltr'><strong>quod</strong></span> <span class='ocrx_word' id='word_1_290' title='bbox 2108 1903 2277 1946; x_wconf 89' lang='lat' dir='ltr'><strong>demon-</strong></span> 
     </span>
     <span class='ocr_line' id='line_1_26' title="bbox 268 1975 2278 2033; baseline -0 -13"><span class='ocrx_word' id='word_1_291' title='bbox 268 1976 484 2020; x_wconf 87' lang='lat' dir='ltr'><strong>strativum</strong></span> <span class='ocrx_word' id='word_1_292' title='bbox 514 1989 747 2031; x_wconf 88' lang='lat' dir='ltr'><strong>pronomen</strong></span> <span class='ocrx_word' id='word_1_293' title='bbox 768 1975 849 2017; x_wconf 89' lang='lat' dir='ltr'><strong>hoc</strong></span> <span class='ocrx_word' id='word_1_294' title='bbox 879 1989 1008 2017; x_wconf 90' lang='lat' dir='ltr'><strong>sensu</strong></span> <span class='ocrx_word' id='word_1_295' title='bbox 1029 1981 1275 2031; x_wconf 90' lang='lat' dir='ltr'><strong>usurpatum</strong></span> <span class='ocrx_word' id='word_1_296' title='bbox 1308 1989 1478 2033; x_wconf 90' lang='lat' dir='ltr'><strong>semper</strong></span> <span class='ocrx_word' id='word_1_297' title='bbox 1499 1975 1624 2019; x_wconf 91' lang='lat' dir='ltr'><strong>etiam</strong></span> <span class='ocrx_word' id='word_1_298' title='bbox 1645 1982 1810 2033; x_wconf 88' lang='lat' dir='ltr'><strong>gestum</strong></span> <span class='ocrx_word' id='word_1_299' title='bbox 1836 1976 2044 2032; x_wconf 90' lang='lat' dir='ltr'><strong>quendam</strong></span> <span class='ocrx_word' id='word_1_300' title='bbox 2069 1976 2278 2033; x_wconf 88' lang='lat' dir='ltr'><strong>loquentis</strong></span> 
     </span>
     <span class='ocr_line' id='line_1_27' title="bbox 268 2047 2279 2107; baseline 0 -15"><span class='ocrx_word' id='word_1_301' title='bbox 268 2049 488 2107; x_wconf 89' lang='lat' dir='ltr'><strong>requirere</strong></span> <span class='ocrx_word' id='word_1_302' title='bbox 516 2048 705 2101; x_wconf 88' lang='lat' dir='ltr'><strong>videtur,</strong></span> <span class='ocrx_word' id='word_1_303' title='bbox 745 2063 829 2105; x_wconf 92' lang='lat' dir='ltr'><strong>quo</strong></span> <span class='ocrx_word' id='word_1_304' title='bbox 860 2047 1081 2091; x_wconf 86' lang='lat' dir='ltr'><strong>adiuvetur</strong></span> <span class='ocrx_word' id='word_1_305' title='bbox 1112 2049 1419 2105; x_wconf 91' lang='lat' dir='ltr'><strong>quodammodo</strong></span> <span class='ocrx_word' id='word_1_306' title='bbox 1449 2049 1776 2092; x_wconf 84' lang='lat' dir='ltr'><strong>demonstratio:</strong></span> <span class='ocrx_word' id='word_1_307' title='bbox 1815 2048 1948 2106; x_wconf 88' lang='lat' dir='ltr'><strong>qualis</strong></span> <span class='ocrx_word' id='word_1_308' title='bbox 1978 2055 2123 2106; x_wconf 90' lang='lat' dir='ltr'><strong>gestus</strong></span> <span class='ocrx_word' id='word_1_309' title='bbox 2155 2064 2279 2106; x_wconf 90' lang='lat' dir='ltr'><strong>quam</strong></span> 
     </span>
     <span class='ocr_line' id='line_1_28' title="bbox 269 2120 1907 2179; baseline -0.001 -14"><span class='ocrx_word' id='word_1_310' title='bbox 269 2123 325 2165; x_wconf 79' lang='lat' dir='ltr'><strong>sit</strong></span> <span class='ocrx_word' id='word_1_311' title='bbox 354 2137 379 2164; x_wconf 93' lang='lat' dir='ltr'><strong>a</strong></span> <span class='ocrx_word' id='word_1_312' title='bbox 407 2121 535 2165; x_wconf 87' lang='lat' dir='ltr'><strong>vincti</strong></span> <span class='ocrx_word' id='word_1_313' title='bbox 562 2120 810 2163; x_wconf 89' lang='lat' dir='ltr'><strong>Promethei</strong></span> <span class='ocrx_word' id='word_1_314' title='bbox 841 2120 1086 2163; x_wconf 91' lang='lat' dir='ltr'><strong>condicione</strong></span> <span class='ocrx_word' id='word_1_315' title='bbox 1118 2121 1300 2175; x_wconf 91' lang='lat' dir='ltr'><strong>alienus,</strong></span> <span class='ocrx_word' id='word_1_316' title='bbox 1329 2136 1414 2165; x_wconf 90' lang='lat' dir='ltr'><strong>non</strong></span> <span class='ocrx_word' id='word_1_317' title='bbox 1443 2136 1550 2179; x_wconf 89' lang='lat' dir='ltr'><strong>opus</strong></span> <span class='ocrx_word' id='word_1_318' title='bbox 1581 2128 1647 2165; x_wconf 91' lang='lat' dir='ltr'><strong>est</strong></span> <span class='ocrx_word' id='word_1_319' title='bbox 1676 2136 1907 2178; x_wconf 85' lang='lat' dir='ltr'><strong>exponere.</strong></span> 
     </span>
    </p>

    <p class='ocr_par' dir='ltr' id='par_1_3' title="bbox 268 2193 2279 2837">
     <span class='ocr_line' id='line_1_29' title="bbox 459 2193 2278 2251; baseline 0 -14"><span class='ocrx_word' id='word_1_320' title='bbox 459 2193 610 2250; x_wconf 87' lang='lat' dir='ltr'><strong>Longa</strong></span> <span class='ocrx_word' id='word_1_321' title='bbox 636 2193 706 2235; x_wconf 93' lang='lat' dir='ltr'><strong>illa</strong></span> <span class='ocrx_word' id='word_1_322' title='bbox 734 2194 789 2236; x_wconf 89' lang='lat' dir='ltr'><strong>de</strong></span> <span class='ocrx_word' id='word_1_323' title='bbox 817 2194 986 2236; x_wconf 90' lang='lat' dir='ltr'><strong>Atlante</strong></span> <span class='ocrx_word' id='word_1_324' title='bbox 1018 2200 1061 2236; x_wconf 91' lang='lat' dir='ltr'><strong>et</strong></span> <span class='ocrx_word' id='word_1_325' title='bbox 1089 2195 1302 2251; x_wconf 84' lang='lat' dir='ltr'><strong>Typhone</strong></span> <span class='ocrx_word' id='word_1_326' title='bbox 1333 2195 1488 2248; x_wconf 90' lang='lat' dir='ltr'><strong>oratio,</strong></span> <span class='ocrx_word' id='word_1_327' title='bbox 1519 2209 1626 2251; x_wconf 89' lang='lat' dir='ltr'><strong>quae</strong></span> <span class='ocrx_word' id='word_1_328' title='bbox 1656 2195 1809 2251; x_wconf 84' lang='lat' dir='ltr'><strong>legitur</strong></span> <span class='ocrx_word' id='word_1_329' title='bbox 1829 2209 1865 2236; x_wconf 75' lang='lat' dir='ltr'><strong>·a</strong></span> <span class='ocrx_word' id='word_1_330' title='bbox 1889 2209 1929 2237; x_wconf 94' lang='lat' dir='ltr'><strong>v.</strong></span> <span class='ocrx_word' id='word_1_331' title='bbox 1947 2194 2031 2237; x_wconf 88' lang='grc'><strong>348</strong></span> <span class='ocrx_word' id='word_1_332' title='bbox 2060 2208 2194 2250; x_wconf 88' lang='lat' dir='ltr'><strong>usque</strong></span> <span class='ocrx_word' id='word_1_333' title='bbox 2225 2195 2278 2237; x_wconf 90' lang='lat' dir='ltr'><strong>ad</strong></span> 
     </span>
     <span class='ocr_line' id='line_1_30' title="bbox 268 2265 2278 2325; baseline 0.001 -16"><span class='ocrx_word' id='word_1_334' title='bbox 268 2282 307 2310; x_wconf 89' lang='lat' dir='ltr'><strong>v.</strong></span> <span class='ocrx_word' id='word_1_335' title='bbox 340 2265 441 2319; x_wconf 83' lang='lat'><strong>377,</strong></span> <span class='ocrx_word' id='word_1_336' title='bbox 472 2271 614 2308; x_wconf 86' lang='lat' dir='ltr'><strong>utrum</strong></span> <span class='ocrx_word' id='word_1_337' title='bbox 641 2265 887 2308; x_wconf 89' lang='lat' dir='ltr'><strong>Promethei</strong></span> <span class='ocrx_word' id='word_1_338' title='bbox 918 2279 971 2308; x_wconf 92' lang='lat' dir='ltr'><strong>an</strong></span> <span class='ocrx_word' id='word_1_339' title='bbox 1001 2266 1162 2309; x_wconf 88' lang='lat' dir='ltr'><strong>Oceani</strong></span> <span class='ocrx_word' id='word_1_340' title='bbox 1190 2267 1266 2321; x_wconf 92' lang='lat' dir='ltr'><strong>sit,</strong></span> <span class='ocrx_word' id='word_1_341' title='bbox 1297 2268 1548 2311; x_wconf 88' lang='lat' dir='ltr'><strong>dissentiunt</strong></span> <span class='ocrx_word' id='word_1_342' title='bbox 1576 2268 1845 2325; x_wconf 87' lang='lat' dir='ltr'><strong>interpretes.</strong></span> <span class='ocrx_word' id='word_1_343' title='bbox 1895 2267 2164 2310; x_wconf 89' lang='lat' dir='ltr'><strong>Wieselerus</strong></span> <span class='ocrx_word' id='word_1_344' title='bbox 2194 2282 2278 2311; x_wconf 90' lang='lat' dir='ltr'><strong>me-</strong></span> 
     </span>
     <span class='ocr_line' id='line_1_31' title="bbox 269 2338 2278 2398; baseline 0 -15"><span class='ocrx_word' id='word_1_345' title='bbox 269 2340 381 2383; x_wconf 90' lang='lat' dir='ltr'><strong>diam</strong></span> <span class='ocrx_word' id='word_1_346' title='bbox 417 2339 625 2396; x_wconf 91' lang='lat' dir='ltr'><strong>quandam</strong></span> <span class='ocrx_word' id='word_1_347' title='bbox 667 2338 775 2383; x_wconf 87' lang='lat' dir='ltr'><strong>viam</strong></span> <span class='ocrx_word' id='word_1_348' title='bbox 816 2339 1073 2396; x_wconf 85' lang='lat' dir='ltr'><strong>ingreditur,</strong></span> <span class='ocrx_word' id='word_1_349' title='bbox 1117 2346 1166 2382; x_wconf 89' lang='lat' dir='ltr'><strong>ut</strong></span> <span class='ocrx_word' id='word_1_350' title='bbox 1202 2346 1366 2397; x_wconf 90' lang='lat' dir='ltr'><strong>partem</strong></span> <span class='ocrx_word' id='word_1_351' title='bbox 1400 2342 1525 2385; x_wconf 89' lang='lat' dir='ltr'><strong>huius</strong></span> <span class='ocrx_word' id='word_1_352' title='bbox 1570 2341 1792 2395; x_wconf 76' lang='lat' dir='ltr'><strong>orationiS‚</strong></span> <span class='ocrx_word' id='word_1_353' title='bbox 1837 2355 1972 2398; x_wconf 89' lang='lat' dir='ltr'><strong>usque</strong></span> <span class='ocrx_word' id='word_1_354' title='bbox 2012 2341 2066 2383; x_wconf 90' lang='lat' dir='ltr'><strong>ad</strong></span> <span class='ocrx_word' id='word_1_355' title='bbox 2102 2355 2141 2384; x_wconf 92' lang='lat' dir='ltr'><strong>v.</strong></span> <span class='ocrx_word' id='word_1_356' title='bbox 2181 2341 2278 2395; x_wconf 84' lang='lat'><strong>368,</strong></span> 
     </span>
     <span class='ocr_line' id='line_1_32' title="bbox 271 2412 2277 2478; baseline -0 -22"><span class='ocrx_word' id='word_1_357' title='bbox 271 2415 444 2456; x_wconf 86' lang='lat' dir='ltr'><strong>Oceano</strong></span> <span class='ocrx_word' id='word_1_358' title='bbox 481 2412 658 2466; x_wconf 89' lang='lat' dir='ltr'><strong>tribuat,</strong></span> <span class='ocrx_word' id='word_1_359' title='bbox 695 2412 857 2469; x_wconf 92' lang='lat' dir='ltr'><strong>reliqua</strong></span> <span class='ocrx_word' id='word_1_360' title='bbox 884 2414 1168 2467; x_wconf 86' lang='lat' dir='ltr'><strong>Prometheo,</strong></span> <span class='ocrx_word' id='word_1_361' title='bbox 1204 2414 1315 2457; x_wconf 87' lang='lat' dir='ltr'><strong>illius</strong></span> <span class='ocrx_word' id='word_1_362' title='bbox 1353 2429 1591 2457; x_wconf 91' lang='lat' dir='ltr'><strong>sermonem</strong></span> <span class='ocrx_word' id='word_1_363' title='bbox 1626 2414 1907 2478; x_wconf 77' lang='lat' dir='ltr'><strong>interpellanti</strong></span> <span class='ocrx_word' id='word_1_364' title='bbox 1937 2420 1981 2455; x_wconf 90' lang='lat' dir='ltr'><strong>et</strong></span> <span class='ocrx_word' id='word_1_365' title='bbox 2011 2413 2277 2456; x_wconf 87' lang='lat' dir='ltr'><strong>continuanti.</strong></span> 
     </span>
     <span class='ocr_line' id='line_1_33' title="bbox 270 2485 2278 2545; baseline 0 -16"><span class='ocrx_word' id='word_1_366' title='bbox 270 2486 329 2529; x_wconf 88' lang='lat' dir='ltr'><strong>Et</strong></span> <span class='ocrx_word' id='word_1_367' title='bbox 356 2486 544 2544; x_wconf 90' lang='lat' dir='ltr'><strong>priorem</strong></span> <span class='ocrx_word' id='word_1_368' title='bbox 573 2485 744 2543; x_wconf 92' lang='lat' dir='ltr'><strong>quidem</strong></span> <span class='ocrx_word' id='word_1_369' title='bbox 779 2492 942 2542; x_wconf 87' lang='lat' dir='ltr'><strong>partem</strong></span> <span class='ocrx_word' id='word_1_370' title='bbox 971 2492 1018 2529; x_wconf 89' lang='lat' dir='ltr'><strong>ut</strong></span> <span class='ocrx_word' id='word_1_371' title='bbox 1048 2486 1222 2530; x_wconf 86' lang='lat' dir='ltr'><strong>Oceano</strong></span> <span class='ocrx_word' id='word_1_372' title='bbox 1258 2487 1433 2542; x_wconf 88' lang='lat' dir='ltr'><strong>tribuat,</strong></span> <span class='ocrx_word' id='word_1_373' title='bbox 1472 2487 1652 2545; x_wconf 89' lang='lat' dir='ltr'><strong>Reisigii</strong></span> <span class='ocrx_word' id='word_1_374' title='bbox 1689 2501 1736 2530; x_wconf 92' lang='lat' dir='ltr'><strong>se</strong></span> <span class='ocrx_word' id='word_1_375' title='bbox 1773 2486 2003 2530; x_wconf 78' lang='lat' dir='ltr'><strong>rationibus</strong></span> <span class='ocrx_word' id='word_1_376' title='bbox 2032 2487 2278 2545; x_wconf 79' lang='lat' dir='ltr'><strong>¹permoveri</strong></span> 
     </span>
     <span class='ocr_line' id='line_1_34' title="bbox 273 2558 2279 2617; baseline -0 -15"><span class='ocrx_word' id='word_1_377' title='bbox 273 2559 395 2611; x_wconf 89' lang='lat' dir='ltr'><strong>dicit,</strong></span> <span class='ocrx_word' id='word_1_378' title='bbox 434 2558 586 2616; x_wconf 90' lang='lat' dir='ltr'><strong>quibus</strong></span> <span class='ocrx_word' id='word_1_379' title='bbox 615 2573 723 2614; x_wconf 91' lang='lat' dir='ltr'><strong>quae</strong></span> <span class='ocrx_word' id='word_1_380' title='bbox 754 2572 779 2600; x_wconf 93' lang='lat' dir='ltr'><strong>a</strong></span> <span class='ocrx_word' id='word_1_381' title='bbox 807 2574 875 2601; x_wconf 92' lang='lat' dir='ltr'><strong>me</strong></span> <span class='ocrx_word' id='word_1_382' title='bbox 905 2559 1099 2617; x_wconf 90' lang='lat' dir='ltr'><strong>opposita</strong></span> <span class='ocrx_word' id='word_1_383' title='bbox 1128 2566 1226 2602; x_wconf 90' lang='lat' dir='ltr'><strong>sunt</strong></span> <span class='ocrx_word' id='word_1_384' title='bbox 1253 2575 1295 2617; x_wconf 88' lang='lat' dir='ltr'><strong>p.</strong></span> <span class='ocrx_word' id='word_1_385' title='bbox 1327 2561 1433 2614; x_wconf 85' lang='lat'><strong>295,</strong></span> <span class='ocrx_word' id='word_1_386' title='bbox 1465 2561 1513 2614; x_wconf 88' lang='grc'><strong>6,</strong></span> <span class='ocrx_word' id='word_1_387' title='bbox 1553 2562 1650 2603; x_wconf 92' lang='lat' dir='ltr'><strong>nolo</strong></span> <span class='ocrx_word' id='word_1_388' title='bbox 1680 2575 1792 2603; x_wconf 90' lang='lat' dir='ltr'><strong>nunc</strong></span> <span class='ocrx_word' id='word_1_389' title='bbox 1821 2566 2039 2615; x_wconf 84' lang='lat' dir='ltr'><strong>repetere=</strong></span> <span class='ocrx_word' id='word_1_390' title='bbox 2074 2561 2279 2616; x_wconf 88' lang='lat' dir='ltr'><strong>reliquam</strong></span> 
     </span>
     <span class='ocr_line' id='line_1_35' title="bbox 272 2630 2278 2693; baseline -0 -17"><span class='ocrx_word' id='word_1_391' title='bbox 272 2638 413 2676; x_wconf 89' lang='lat' dir='ltr'><strong>autem</strong></span> <span class='ocrx_word' id='word_1_392' title='bbox 442 2630 694 2685; x_wconf 85' lang='lat' dir='ltr'><strong>orationem,</strong></span> <span class='ocrx_word' id='word_1_393' title='bbox 730 2630 828 2674; x_wconf 88' lang='lat' dir='ltr'><strong>inde</strong></span> <span class='ocrx_word' id='word_1_394' title='bbox 859 2646 883 2674; x_wconf 92' lang='lat' dir='ltr'><strong>a</strong></span> <span class='ocrx_word' id='word_1_395' title='bbox 911 2632 1050 2676; x_wconf 87' lang='lat' dir='ltr'><strong>verbis</strong></span> <span class='ocrx_word' id='word_1_396' title='bbox 1082 2634 1187 2680; x_wconf 71' lang='grc' dir='ltr'><em>ἔνθεν</em></span> <span class='ocrx_word' id='word_1_397' title='bbox 1219 2633 1505 2693; x_wconf 63' lang='grc' dir='ltr'><strong>ἐκραγήσονταί</strong></span> <span class='ocrx_word' id='word_1_398' title='bbox 1530 2653 1650 2688; x_wconf 74' lang='grc' dir='ltr'><strong>ποτε,</strong></span> <span class='ocrx_word' id='word_1_399' title='bbox 1680 2633 1939 2677; x_wconf 87' lang='lat' dir='ltr'><strong>Prometheo</strong></span> <span class='ocrx_word' id='word_1_400' title='bbox 1966 2633 2151 2690; x_wconf 82' lang='lat' dir='ltr'><strong>assignat</strong></span> <span class='ocrx_word' id='word_1_401' title='bbox 2179 2634 2278 2675; x_wconf 88' lang='lat' dir='ltr'><strong>dua-</strong></span> 
     </span>
     <span class='ocr_line' id='line_1_36' title="bbox 270 2704 2279 2762; baseline 0 -13"><span class='ocrx_word' id='word_1_402' title='bbox 270 2708 349 2749; x_wconf 89' lang='lat' dir='ltr'><strong>bus</strong></span> <span class='ocrx_word' id='word_1_403' title='bbox 380 2705 435 2747; x_wconf 92' lang='lat' dir='ltr'><strong>de</strong></span> <span class='ocrx_word' id='word_1_404' title='bbox 467 2705 627 2749; x_wconf 84' lang='lat' dir='ltr'><strong>causis:</strong></span> <span class='ocrx_word' id='word_1_405' title='bbox 657 2704 860 2762; x_wconf 89' lang='lat' dir='ltr'><strong>primum,</strong></span> <span class='ocrx_word' id='word_1_406' title='bbox 898 2706 994 2762; x_wconf 85' lang='lat' dir='ltr'><strong>quia</strong></span> <span class='ocrx_word' id='word_1_407' title='bbox 1031 2706 1268 2750; x_wconf 85' lang='lat' dir='ltr'><strong>vaticinium</strong></span> <span class='ocrx_word' id='word_1_408' title='bbox 1308 2707 1360 2750; x_wconf 92' lang='lat' dir='ltr'><strong>de</strong></span> <span class='ocrx_word' id='word_1_409' title='bbox 1397 2708 1538 2751; x_wconf 83' lang='lat' dir='ltr'><strong>futuro</strong></span> <span class='ocrx_word' id='word_1_410' title='bbox 1569 2709 1732 2752; x_wconf 87' lang='lat' dir='ltr'><strong>Aetnae</strong></span> <span class='ocrx_word' id='word_1_411' title='bbox 1771 2706 1964 2750; x_wconf 87' lang='lat' dir='ltr'><strong>incendio</strong></span> <span class='ocrx_word' id='word_1_412' title='bbox 2002 2707 2150 2750; x_wconf 86' lang='lat' dir='ltr'><strong>melius</strong></span> <span class='ocrx_word' id='word_1_413' title='bbox 2181 2706 2279 2750; x_wconf 85' lang='lat' dir='ltr'><strong>huic</strong></span> 
     </span>
     <span class='ocr_line' id='line_1_37' title="bbox 270 2778 2277 2837; baseline 0 -15"><span class='ocrx_word' id='word_1_414' title='bbox 270 2793 394 2837; x_wconf 88' lang='lat' dir='ltr'><strong>quam</strong></span> <span class='ocrx_word' id='word_1_415' title='bbox 433 2778 553 2819; x_wconf 89' lang='lat' dir='ltr'><strong>alteri</strong></span> <span class='ocrx_word' id='word_1_416' title='bbox 592 2778 830 2832; x_wconf 87' lang='lat' dir='ltr'><strong>conveniat,</strong></span> <span class='ocrx_word' id='word_1_417' title='bbox 874 2779 1025 2822; x_wconf 87' lang='lat' dir='ltr'><strong>deinde</strong></span> <span class='ocrx_word' id='word_1_418' title='bbox 1064 2781 1176 2837; x_wconf 92' lang='lat' dir='ltr'><strong>quod</strong></span> <span class='ocrx_word' id='word_1_419' title='bbox 1214 2781 1552 2824; x_wconf 84' lang='lat' dir='ltr'><strong>commemoratio</strong></span> <span class='ocrx_word' id='word_1_420' title='bbox 1590 2781 1658 2824; x_wconf 88' lang='lat' dir='ltr'><strong>illa</strong></span> <span class='ocrx_word' id='word_1_421' title='bbox 1698 2781 1941 2837; x_wconf 81' lang='lat' dir='ltr'><strong>Typhonis,</strong></span> <span class='ocrx_word' id='word_1_422' title='bbox 1985 2780 2055 2836; x_wconf 91' lang='lat' dir='ltr'><strong>qui</strong></span> <span class='ocrx_word' id='word_1_423' title='bbox 2092 2781 2277 2834; x_wconf 82' lang='lat' dir='ltr'><strong>quamvis</strong></span> 
     </span>
    </p>
   </div>
  </div>
 </body>
</html>
