<?xml version="1.0" encoding="UTF-8"?>
<!DOCTYPE html PUBLIC "-//W3C//DTD XHTML 1.0 Transitional//EN"
    "http://www.w3.org/TR/xhtml1/DTD/xhtml1-transitional.dtd">
<html xmlns="http://www.w3.org/1999/xhtml" xml:lang="en" lang="en">
 <head>
  <title>
</title>
<meta http-equiv="Content-Type" content="text/html;charset=utf-8" />
  <meta name='ocr-system' content='tesseract 3.04.00' />
  <meta name='ocr-capabilities' content='ocr_page ocr_carea ocr_par ocr_line ocrx_word'/>
</head>
<body>
  <div class='ocr_page' id='page_1' title='image "4769586_0010.png"; bbox 0 0 2493 3077; ppageno 0'>
   <div class='ocr_carea' id='block_1_1' title="bbox 0 647 54 689">
    <p class='ocr_par' dir='ltr' id='par_1_1' title="bbox 0 647 54 689">
     <span class='ocr_line' id='line_1_1' title="bbox 0 647 54 689; baseline 0 -14"><span class='ocrx_word' id='word_1_1' title='bbox 0 647 54 689; x_wconf 57' lang='grc' dir='ltr'><strong><em>ῃ</em></strong></span> 
     </span>
    </p>
   </div>
   <div class='ocr_carea' id='block_1_2' title="bbox 678 0 1134 78">
    <p class='ocr_par' dir='ltr' id='par_1_2' title="bbox 674 0 1134 78">
     <span class='ocr_line' id='line_1_2' title="bbox 678 0 1134 19; baseline -0.007 -1"><span class='ocrx_word' id='word_1_2' title='bbox 678 0 735 18; x_wconf 57' lang='lat'><strong>,2¹:5¹</strong></span> <span class='ocrx_word' id='word_1_3' title='bbox 770 0 803 15; x_wconf 53' lang='lat' dir='ltr'><strong>uz*</strong></span> <span class='ocrx_word' id='word_1_4' title='bbox 1076 0 1102 13; x_wconf 52' lang='grc' dir='ltr'><strong>Ρ·</strong></span> <span class='ocrx_word' id='word_1_5' title='bbox 1111 4 1134 19; x_wconf 58' lang='lat' dir='ltr'><strong>„v</strong></span> 
     </span>
     <span class='ocr_line' id='line_1_3' title="bbox 728 0 1122 50; baseline 0 -4"><span class='ocrx_word' id='word_1_6' title='bbox 728 0 783 50; x_wconf 51' lang='lat' dir='ltr'><strong>‚a</strong></span> <span class='ocrx_word' id='word_1_7' title='bbox 885 33 888 36; x_wconf 91' lang='lat'><strong>.</strong></span> <span class='ocrx_word' id='word_1_8' title='bbox 1089 21 1122 40; x_wconf 89' lang='grc'><strong>..-</strong></span> 
     </span>
     <span class='ocr_line' id='line_1_4' title="bbox 734 64 746 78; baseline 0 0"><span class='ocrx_word' id='word_1_9' title='bbox 734 64 746 78; x_wconf 67' lang='lat'><strong>²2</strong></span> 
     </span>
    </p>
   </div>
   <div class='ocr_carea' id='block_1_3' title="bbox 271 197 2212 387">
    <p class='ocr_par' dir='ltr' id='par_1_3' title="bbox 271 197 2212 387">
     <span class='ocr_line' id='line_1_5' title="bbox 271 197 2212 324; baseline -0.006 -31"><span class='ocrx_word' id='word_1_10' title='bbox 271 197 1254 324; x_wconf 59' lang='grc' dir='ltr'><strong>ἩᾙῙῃιιεπᾼπε</strong></span> <span class='ocrx_word' id='word_1_11' title='bbox 1331 198 2212 304; x_wconf 65' lang='lat' dir='ltr'><strong>mmmmm</strong></span> 
     </span>
     <span class='ocr_line' id='line_1_6' title="bbox 587 303 1890 387; baseline -0.005 -4"><span class='ocrx_word' id='word_1_12' title='bbox 587 303 1890 387; x_wconf 64' lang='lat' dir='ltr'><strong>unssmsvflnnnsm</strong></span> 
     </span>
    </p>
   </div>
   <div class='ocr_carea' id='block_1_4' title="bbox 1116 424 1368 463">
    <p class='ocr_par' dir='ltr' id='par_1_4' title="bbox 1116 424 1368 463">
     <span class='ocr_line' id='line_1_7' title="bbox 1116 424 1368 463; baseline -0.008 0"><span class='ocrx_word' id='word_1_13' title='bbox 1116 424 1368 463; x_wconf 80' lang='lat' dir='ltr'>RECTOR</span> 
     </span>
    </p>
   </div>
   <div class='ocr_carea' id='block_1_5' title="bbox 734 495 1741 562">
    <p class='ocr_par' dir='ltr' id='par_1_5' title="bbox 734 495 1741 562">
     <span class='ocr_line' id='line_1_8' title="bbox 734 495 1741 562; baseline -0.006 0"><span class='ocrx_word' id='word_1_14' title='bbox 734 509 1218 562; x_wconf 69' lang='lat' dir='ltr'><strong>nmovlcus</strong></span> <span class='ocrx_word' id='word_1_15' title='bbox 1273 495 1741 558; x_wconf 63' lang='lat' dir='ltr'><strong>nmmum</strong></span> 
     </span>
    </p>
   </div>
   <div class='ocr_carea' id='block_1_6' title="bbox 1196 615 1290 641">
    <p class='ocr_par' dir='ltr' id='par_1_6' title="bbox 1196 615 1290 641">
     <span class='ocr_line' id='line_1_9' title="bbox 1196 615 1290 641; baseline -0.021 0"><span class='ocrx_word' id='word_1_16' title='bbox 1196 615 1290 641; x_wconf 63' lang='lat' dir='ltr'><strong>011ss</strong></span> 
     </span>
    </p>
   </div>
   <div class='ocr_carea' id='block_1_7' title="bbox 868 686 1610 805">
    <p class='ocr_par' dir='ltr' id='par_1_7' title="bbox 868 683 1610 805">
     <span class='ocr_line' id='line_1_10' title="bbox 868 686 1610 732; baseline -0.007 0"><span class='ocrx_word' id='word_1_17' title='bbox 868 688 1147 732; x_wconf 70' lang='lat' dir='ltr'>SENATIJ</span> <span class='ocrx_word' id='word_1_18' title='bbox 1191 686 1610 728; x_wconf 65' lang='lat' dir='ltr'><strong>Aen-co</strong></span> 
     </span>
     <span class='ocr_line' id='line_1_11' title="bbox 1170 773 1307 805; baseline -0.015 0"><span class='ocrx_word' id='word_1_19' title='bbox 1170 773 1203 805; x_wconf 87' lang='lat' dir='ltr'><strong>S.</strong></span> <span class='ocrx_word' id='word_1_20' title='bbox 1268 774 1307 804; x_wconf 85' lang='lat'><strong>1).</strong></span> 
     </span>
    </p>
   </div>
   <div class='ocr_carea' id='block_1_8' title="bbox 425 819 2054 901">
    <p class='ocr_par' dir='ltr' id='par_1_8' title="bbox 425 819 2054 901">
     <span class='ocr_line' id='line_1_12' title="bbox 425 819 2054 901; baseline -0.001 -2"><span class='ocrx_word' id='word_1_21' title='bbox 425 819 1019 901; x_wconf 31' lang='lat' dir='ltr'><strong>c⁷1v1BUs</strong></span> <span class='ocrx_word' id='word_1_22' title='bbox 1145 852 2054 897; x_wconf 80' lang='lat' dir='ltr'><strong>ACADEMICIS.</strong></span> 
     </span>
    </p>
   </div>
   <div class='ocr_carea' id='block_1_9' title="bbox 233 1022 2247 2860">
    <p class='ocr_par' dir='ltr' id='par_1_9' title="bbox 233 1022 2247 2641">
     <span class='ocr_line' id='line_1_13' title="bbox 423 1022 2247 1105; baseline 0.001 -15"><span class='ocrx_word' id='word_1_23' title='bbox 423 1022 651 1104; x_wconf 72' lang='lat' dir='ltr'><strong>scriptor</strong></span> <span class='ocrx_word' id='word_1_24' title='bbox 676 1046 801 1090; x_wconf 90' lang='lat' dir='ltr'><strong>huius</strong></span> <span class='ocrx_word' id='word_1_25' title='bbox 830 1044 1038 1105; x_wconf 86' lang='lat' dir='ltr'><strong>prooemii</strong></span> <span class='ocrx_word' id='word_1_26' title='bbox 1066 1058 1194 1102; x_wconf 91' lang='lat' dir='ltr'><strong>quum</strong></span> <span class='ocrx_word' id='word_1_27' title='bbox 1221 1042 1466 1101; x_wconf 80' lang='lat' dir='ltr'>nuperrime</span> <span class='ocrx_word' id='word_1_28' title='bbox 1493 1044 1778 1101; x_wconf 83' lang='lat' dir='ltr'><strong>Aeschyleam</strong></span> <span class='ocrx_word' id='word_1_29' title='bbox 1801 1043 2106 1088; x_wconf 84' lang='lat' dir='ltr'><strong>Prometheum</strong></span> <span class='ocrx_word' id='word_1_30' title='bbox 2135 1060 2247 1091; x_wconf 84' lang='lat' dir='ltr'><strong>com-</strong></span> 
     </span>
     <span class='ocr_line' id='line_1_14' title="bbox 234 1116 2247 1177; baseline 0.001 -16"><span class='ocrx_word' id='word_1_31' title='bbox 234 1119 447 1161; x_wconf 86' lang='lat' dir='ltr'><strong>mentariis</strong></span> <span class='ocrx_word' id='word_1_32' title='bbox 469 1120 558 1162; x_wconf 89' lang='lat' dir='ltr'><strong>suis</strong></span> <span class='ocrx_word' id='word_1_33' title='bbox 579 1120 829 1177; x_wconf 86' lang='lat' dir='ltr'><strong>explicatam</strong></span> <span class='ocrx_word' id='word_1_34' title='bbox 859 1118 1063 1171; x_wconf 83' lang='lat' dir='ltr'><strong>ediderit,</strong></span> <span class='ocrx_word' id='word_1_35' title='bbox 1090 1130 1272 1173; x_wconf 90' lang='lat' dir='ltr'><strong>eumque</strong></span> <span class='ocrx_word' id='word_1_36' title='bbox 1293 1116 1445 1159; x_wconf 92' lang='lat' dir='ltr'><strong>librum</strong></span> <span class='ocrx_word' id='word_1_37' title='bbox 1465 1131 1490 1158; x_wconf 90' lang='lat' dir='ltr'><strong>a</strong></span> <span class='ocrx_word' id='word_1_38' title='bbox 1511 1117 1726 1174; x_wconf 89' lang='lat' dir='ltr'><strong>plerisque</strong></span> <span class='ocrx_word' id='word_1_39' title='bbox 1749 1132 1917 1173; x_wconf 87' lang='lat' dir='ltr'><strong>eorum,</strong></span> <span class='ocrx_word' id='word_1_40' title='bbox 1947 1119 2019 1175; x_wconf 89' lang='lat' dir='ltr'><strong>qui</strong></span> <span class='ocrx_word' id='word_1_41' title='bbox 2038 1119 2147 1161; x_wconf 89' lang='lat' dir='ltr'><strong>haec</strong></span> <span class='ocrx_word' id='word_1_42' title='bbox 2169 1134 2247 1164; x_wconf 72' lang='lat' dir='ltr'><strong>sua</strong></span> 
     </span>
     <span class='ocr_line' id='line_1_15' title="bbox 234 1189 2245 1250; baseline 0 -15"><span class='ocrx_word' id='word_1_43' title='bbox 234 1192 451 1249; x_wconf 88' lang='lat' dir='ltr'><strong>prooemia</strong></span> <span class='ocrx_word' id='word_1_44' title='bbox 478 1192 622 1250; x_wconf 87' lang='lat' dir='ltr'><strong>legere</strong></span> <span class='ocrx_word' id='word_1_45' title='bbox 653 1194 809 1246; x_wconf 87' lang='lat' dir='ltr'><strong>solent,</strong></span> <span class='ocrx_word' id='word_1_46' title='bbox 839 1197 911 1234; x_wconf 92' lang='lat' dir='ltr'><strong>aut</strong></span> <span class='ocrx_word' id='word_1_47' title='bbox 938 1192 1095 1234; x_wconf 87' lang='lat' dir='ltr'><strong>lectum</strong></span> <span class='ocrx_word' id='word_1_48' title='bbox 1125 1204 1222 1232; x_wconf 89' lang='lat' dir='ltr'><strong>esse</strong></span> <span class='ocrx_word' id='word_1_49' title='bbox 1252 1195 1324 1232; x_wconf 86' lang='lat' dir='ltr'><strong>aut</strong></span> <span class='ocrx_word' id='word_1_50' title='bbox 1351 1189 1508 1232; x_wconf 89' lang='lat' dir='ltr'><strong>lectum</strong></span> <span class='ocrx_word' id='word_1_51' title='bbox 1534 1190 1590 1232; x_wconf 92' lang='lat' dir='ltr'><strong>iri</strong></span> <span class='ocrx_word' id='word_1_52' title='bbox 1619 1190 1786 1244; x_wconf 87' lang='lat' dir='ltr'><strong>credat,</strong></span> <span class='ocrx_word' id='word_1_53' title='bbox 1822 1205 1908 1234; x_wconf 94' lang='lat' dir='ltr'><strong>non</strong></span> <span class='ocrx_word' id='word_1_54' title='bbox 1937 1191 2119 1235; x_wconf 89' lang='lat' dir='ltr'><strong>alienum</strong></span> <span class='ocrx_word' id='word_1_55' title='bbox 2149 1207 2245 1235; x_wconf 81' lang='lat' dir='ltr'><strong>esse</strong></span> 
     </span>
     <span class='ocr_line' id='line_1_16' title="bbox 237 1262 2245 1321; baseline 0.001 -14"><span class='ocrx_word' id='word_1_56' title='bbox 237 1265 403 1319; x_wconf 80' lang='lat' dir='ltr'><strong>statuit,</strong></span> <span class='ocrx_word' id='word_1_57' title='bbox 430 1265 511 1308; x_wconf 90' lang='lat' dir='ltr'><strong>hac</strong></span> <span class='ocrx_word' id='word_1_58' title='bbox 539 1280 651 1309; x_wconf 90' lang='lat' dir='ltr'><strong>nunc</strong></span> <span class='ocrx_word' id='word_1_59' title='bbox 673 1265 886 1309; x_wconf 92' lang='lat' dir='ltr'><strong>scribendi</strong></span> <span class='ocrx_word' id='word_1_60' title='bbox 906 1263 1218 1321; x_wconf 85' lang='lat' dir='ltr'><strong>opportunitate</strong></span> <span class='ocrx_word' id='word_1_61' title='bbox 1244 1262 1382 1305; x_wconf 86' lang='lat' dir='ltr'><strong>oblata</strong></span> <span class='ocrx_word' id='word_1_62' title='bbox 1409 1262 1469 1305; x_wconf 89' lang='lat' dir='ltr'><strong>ita</strong></span> <span class='ocrx_word' id='word_1_63' title='bbox 1489 1262 1573 1316; x_wconf 87' lang='lat' dir='ltr'><strong>uti,</strong></span> <span class='ocrx_word' id='word_1_64' title='bbox 1601 1269 1651 1306; x_wconf 91' lang='lat' dir='ltr'><strong>ut</strong></span> <span class='ocrx_word' id='word_1_65' title='bbox 1680 1263 1733 1305; x_wconf 89' lang='lat' dir='ltr'><strong>de</strong></span> <span class='ocrx_word' id='word_1_66' title='bbox 1762 1263 1920 1319; x_wconf 82' lang='lat' dir='ltr'><strong>aliquot</strong></span> <span class='ocrx_word' id='word_1_67' title='bbox 1940 1263 2052 1306; x_wconf 84' lang='lat' dir='ltr'><strong>iuius</strong></span> <span class='ocrx_word' id='word_1_68' title='bbox 2081 1266 2245 1309; x_wconf 83' lang='lat' dir='ltr'><strong>fabulae</strong></span> 
     </span>
     <span class='ocr_line' id='line_1_17' title="bbox 234 1323 2244 1395; baseline 0.001 -15"><span class='ocrx_word' id='word_1_69' title='bbox 234 1338 338 1382; x_wconf 91' lang='lat' dir='ltr'><strong>locis</strong></span> <span class='ocrx_word' id='word_1_70' title='bbox 368 1338 550 1382; x_wconf 86' lang='lat' dir='ltr'><strong>disserat</strong></span> <span class='ocrx_word' id='word_1_71' title='bbox 591 1344 635 1381; x_wconf 88' lang='lat' dir='ltr'><strong>et</strong></span> <span class='ocrx_word' id='word_1_72' title='bbox 664 1338 785 1395; x_wconf 88' lang='lat' dir='ltr'><strong>quasi</strong></span> <span class='ocrx_word' id='word_1_73' title='bbox 820 1337 1027 1395; x_wconf 89' lang='lat' dir='ltr'><strong>quandam</strong></span> <span class='ocrx_word' id='word_1_74' title='bbox 1054 1336 1296 1380; x_wconf 85' lang='lat' dir='ltr'><strong>mantissam</strong></span> <span class='ocrx_word' id='word_1_75' title='bbox 1333 1335 1641 1380; x_wconf 86' lang='lat' dir='ltr'><strong>commentariis</strong></span> <span class='ocrx_word' id='word_1_76' title='bbox 1679 1323 1767 1379; x_wconf 79' lang='lat' dir='ltr'><strong>suis</strong></span> <span class='ocrx_word' id='word_1_77' title='bbox 1797 1337 2067 1393; x_wconf 84' lang='lat' dir='ltr'><strong>superaddat.</strong></span> <span class='ocrx_word' id='word_1_78' title='bbox 2126 1339 2244 1382; x_wconf 86' lang='lat' dir='ltr'><strong>Man-</strong></span> 
     </span>
     <span class='ocr_line' id='line_1_18' title="bbox 233 1409 2245 1468; baseline 0 -13"><span class='ocrx_word' id='word_1_79' title='bbox 233 1411 378 1455; x_wconf 80' lang='lat' dir='ltr'><strong>fissam</strong></span> <span class='ocrx_word' id='word_1_80' title='bbox 416 1417 556 1454; x_wconf 86' lang='lat' dir='ltr'><strong>autem</strong></span> <span class='ocrx_word' id='word_1_81' title='bbox 594 1410 717 1466; x_wconf 87' lang='lat' dir='ltr'><strong>dicit,</strong></span> <span class='ocrx_word' id='word_1_82' title='bbox 768 1424 824 1454; x_wconf 92' lang='lat' dir='ltr'><strong>ne</strong></span> <span class='ocrx_word' id='word_1_83' title='bbox 863 1410 964 1468; x_wconf 89' lang='lat' dir='ltr'><strong>quid</strong></span> <span class='ocrx_word' id='word_1_84' title='bbox 1000 1410 1138 1468; x_wconf 84' lang='lat' dir='ltr'><strong>magni</strong></span> <span class='ocrx_word' id='word_1_85' title='bbox 1183 1409 1376 1468; x_wconf 90' lang='lat' dir='ltr'><strong>polliceri</strong></span> <span class='ocrx_word' id='word_1_86' title='bbox 1416 1409 1622 1452; x_wconf 86' lang='lat' dir='ltr'><strong>videatur.</strong></span> <span class='ocrx_word' id='word_1_87' title='bbox 1694 1409 1802 1451; x_wconf 90' lang='lat' dir='ltr'><strong>Nam</strong></span> <span class='ocrx_word' id='word_1_88' title='bbox 1838 1409 2075 1454; x_wconf 83' lang='lat' dir='ltr'><strong>versabitur</strong></span> <span class='ocrx_word' id='word_1_89' title='bbox 2112 1412 2245 1455; x_wconf 90' lang='lat' dir='ltr'><strong>omnis</strong></span> 
     </span>
     <span class='ocr_line' id='line_1_19' title="bbox 233 1481 2244 1541; baseline 0 -14"><span class='ocrx_word' id='word_1_90' title='bbox 233 1486 339 1527; x_wconf 88' lang='lat' dir='ltr'><strong>haec</strong></span> <span class='ocrx_word' id='word_1_91' title='bbox 368 1484 594 1541; x_wconf 86' lang='lat' dir='ltr'><strong>disputatio</strong></span> <span class='ocrx_word' id='word_1_92' title='bbox 623 1484 668 1526; x_wconf 94' lang='lat' dir='ltr'><strong>in</strong></span> <span class='ocrx_word' id='word_1_93' title='bbox 695 1485 824 1526; x_wconf 92' lang='lat' dir='ltr'><strong>rebus</strong></span> <span class='ocrx_word' id='word_1_94' title='bbox 853 1484 1022 1526; x_wconf 88' lang='lat' dir='ltr'><strong>minutis</strong></span> <span class='ocrx_word' id='word_1_95' title='bbox 1054 1489 1096 1525; x_wconf 91' lang='lat' dir='ltr'><strong>et</strong></span> <span class='ocrx_word' id='word_1_96' title='bbox 1125 1483 1268 1540; x_wconf 89' lang='lat' dir='ltr'><strong>specie</strong></span> <span class='ocrx_word' id='word_1_97' title='bbox 1300 1482 1523 1524; x_wconf 89' lang='lat' dir='ltr'><strong>admodum</strong></span> <span class='ocrx_word' id='word_1_98' title='bbox 1552 1481 1737 1524; x_wconf 80' lang='lat' dir='ltr'><strong>levibus:</strong></span> <span class='ocrx_word' id='word_1_99' title='bbox 1778 1495 2028 1538; x_wconf 86' lang='lat' dir='ltr'><strong>quamquam</strong></span> <span class='ocrx_word' id='word_1_100' title='bbox 2058 1485 2130 1540; x_wconf 90' lang='lat' dir='ltr'><strong>qui</strong></span> <span class='ocrx_word' id='word_1_101' title='bbox 2159 1491 2244 1528; x_wconf 87' lang='lat' dir='ltr'><strong>stu-</strong></span> 
     </span>
     <span class='ocr_line' id='line_1_20' title="bbox 235 1554 2245 1608; baseline 0 -8"><span class='ocrx_word' id='word_1_102' title='bbox 235 1558 400 1601; x_wconf 90' lang='lat' dir='ltr'><strong>diorum</strong></span> <span class='ocrx_word' id='word_1_103' title='bbox 427 1562 668 1599; x_wconf 88' lang='lat' dir='ltr'><strong>nostrorum</strong></span> <span class='ocrx_word' id='word_1_104' title='bbox 689 1556 895 1599; x_wconf 89' lang='lat' dir='ltr'><strong>rationem</strong></span> <span class='ocrx_word' id='word_1_105' title='bbox 915 1562 1033 1599; x_wconf 90' lang='lat' dir='ltr'><strong>recte</strong></span> <span class='ocrx_word' id='word_1_106' title='bbox 1050 1556 1272 1598; x_wconf 88' lang='lat' dir='ltr'><strong>aestimare</strong></span> <span class='ocrx_word' id='word_1_107' title='bbox 1303 1554 1561 1608; x_wconf 87' lang='lat' dir='ltr'><strong>didicerunt,</strong></span> <span class='ocrx_word' id='word_1_108' title='bbox 1590 1554 1693 1597; x_wconf 91' lang='lat' dir='ltr'><strong>nihil</strong></span> <span class='ocrx_word' id='word_1_109' title='bbox 1721 1554 1764 1597; x_wconf 93' lang='lat' dir='ltr'><strong>in</strong></span> <span class='ocrx_word' id='word_1_110' title='bbox 1793 1554 1860 1597; x_wconf 91' lang='lat' dir='ltr'><strong>his</strong></span> <span class='ocrx_word' id='word_1_111' title='bbox 1884 1554 2035 1598; x_wconf 85' lang='lat' dir='ltr'><strong>litteris</strong></span> <span class='ocrx_word' id='word_1_112' title='bbox 2051 1562 2137 1599; x_wconf 87' lang='lat' dir='ltr'><strong>tam</strong></span> <span class='ocrx_word' id='word_1_113' title='bbox 2151 1558 2245 1601; x_wconf 81' lang='lat' dir='ltr'><strong>leve</strong></span> 
     </span>
     <span class='ocr_line' id='line_1_21' title="bbox 235 1626 2244 1687; baseline 0 -15"><span class='ocrx_word' id='word_1_114' title='bbox 235 1645 331 1673; x_wconf 89' lang='lat' dir='ltr'><strong>esse</strong></span> <span class='ocrx_word' id='word_1_115' title='bbox 362 1629 520 1683; x_wconf 91' lang='lat' dir='ltr'><strong>sciunt,</strong></span> <span class='ocrx_word' id='word_1_116' title='bbox 558 1630 671 1687; x_wconf 90' lang='lat' dir='ltr'><strong>quod</strong></span> <span class='ocrx_word' id='word_1_117' title='bbox 697 1644 784 1672; x_wconf 90' lang='lat' dir='ltr'><strong>non</strong></span> <span class='ocrx_word' id='word_1_118' title='bbox 812 1629 938 1671; x_wconf 88' lang='lat' dir='ltr'><strong>etiam</strong></span> <span class='ocrx_word' id='word_1_119' title='bbox 967 1628 1022 1671; x_wconf 85' lang='lat' dir='ltr'><strong>ad</strong></span> <span class='ocrx_word' id='word_1_120' title='bbox 1049 1643 1121 1671; x_wconf 89' lang='lat' dir='ltr'><strong>res</strong></span> <span class='ocrx_word' id='word_1_121' title='bbox 1143 1627 1410 1685; x_wconf 82' lang='lat' dir='ltr'><strong>gravissimas</strong></span> <span class='ocrx_word' id='word_1_122' title='bbox 1433 1626 1651 1683; x_wconf 85' lang='lat' dir='ltr'><strong>permagni</strong></span> <span class='ocrx_word' id='word_1_123' title='bbox 1679 1626 1890 1669; x_wconf 90' lang='lat' dir='ltr'><strong>interdum</strong></span> <span class='ocrx_word' id='word_1_124' title='bbox 1919 1629 2117 1671; x_wconf 89' lang='lat' dir='ltr'><strong>momenti</strong></span> <span class='ocrx_word' id='word_1_125' title='bbox 2148 1645 2244 1673; x_wconf 86' lang='lat' dir='ltr'><strong>esse</strong></span> 
     </span>
     <span class='ocr_line' id='line_1_22' title="bbox 234 1699 2244 1763; baseline 0 -16"><span class='ocrx_word' id='word_1_126' title='bbox 234 1704 381 1763; x_wconf 87' lang='lat' dir='ltr'><strong>possit.</strong></span> <span class='ocrx_word' id='word_1_127' title='bbox 443 1702 645 1760; x_wconf 78' lang='lat' dir='ltr'><strong>Ceterum</strong></span> <span class='ocrx_word' id='word_1_128' title='bbox 673 1701 842 1745; x_wconf 91' lang='lat' dir='ltr'><strong>habebit</strong></span> <span class='ocrx_word' id='word_1_129' title='bbox 870 1702 976 1744; x_wconf 90' lang='lat' dir='ltr'><strong>haec</strong></span> <span class='ocrx_word' id='word_1_130' title='bbox 1005 1707 1150 1745; x_wconf 90' lang='lat' dir='ltr'><strong>nostra</strong></span> <span class='ocrx_word' id='word_1_131' title='bbox 1179 1700 1374 1758; x_wconf 87' lang='lat' dir='ltr'><strong>scriptio,</strong></span> <span class='ocrx_word' id='word_1_132' title='bbox 1419 1699 1456 1743; x_wconf 93' lang='lat' dir='ltr'><strong>si</strong></span> <span class='ocrx_word' id='word_1_133' title='bbox 1484 1699 1588 1743; x_wconf 89' lang='lat' dir='ltr'><strong>nihil</strong></span> <span class='ocrx_word' id='word_1_134' title='bbox 1616 1699 1751 1753; x_wconf 86' lang='lat' dir='ltr'><strong>aliud,</strong></span> <span class='ocrx_word' id='word_1_135' title='bbox 1786 1699 1867 1742; x_wconf 91' lang='lat' dir='ltr'><strong>hoc</strong></span> <span class='ocrx_word' id='word_1_136' title='bbox 1896 1706 2036 1744; x_wconf 89' lang='lat' dir='ltr'><strong>tamen</strong></span> <span class='ocrx_word' id='word_1_137' title='bbox 2063 1703 2244 1747; x_wconf 85' lang='lat' dir='ltr'><strong>fortasse</strong></span> 
     </span>
     <span class='ocr_line' id='line_1_23' title="bbox 233 1771 2245 1832; baseline 0 -10"><span class='ocrx_word' id='word_1_138' title='bbox 233 1776 446 1831; x_wconf 86' lang='lat' dir='ltr'><strong>utilitatis,</strong></span> <span class='ocrx_word' id='word_1_139' title='bbox 482 1781 532 1821; x_wconf 89' lang='lat' dir='ltr'><strong>ut</strong></span> <span class='ocrx_word' id='word_1_140' title='bbox 560 1775 862 1820; x_wconf 87' lang='lat' dir='ltr'><strong>admoneantur</strong></span> <span class='ocrx_word' id='word_1_141' title='bbox 889 1774 1049 1819; x_wconf 86' lang='lat' dir='ltr'><strong>tirones</strong></span> <span class='ocrx_word' id='word_1_142' title='bbox 1080 1773 1285 1832; x_wconf 86' lang='lat' dir='ltr'><strong>exemplis</strong></span> <span class='ocrx_word' id='word_1_143' title='bbox 1316 1773 1472 1832; x_wconf 88' lang='lat' dir='ltr'><strong>aliquot</strong></span> <span class='ocrx_word' id='word_1_144' title='bbox 1499 1771 1747 1831; x_wconf 85' lang='lat' dir='ltr'><strong>propositis,</strong></span> <span class='ocrx_word' id='word_1_145' title='bbox 1786 1772 1887 1831; x_wconf 88' lang='lat' dir='ltr'><strong>quid</strong></span> <span class='ocrx_word' id='word_1_146' title='bbox 1914 1773 1958 1817; x_wconf 92' lang='lat' dir='ltr'><strong>in</strong></span> <span class='ocrx_word' id='word_1_147' title='bbox 1987 1780 2077 1819; x_wconf 89' lang='lat' dir='ltr'><strong>arte</strong></span> <span class='ocrx_word' id='word_1_148' title='bbox 2099 1776 2245 1822; x_wconf 81' lang='lat' dir='ltr'><strong>critica</strong></span> 
     </span>
     <span class='ocr_line' id='line_1_24' title="bbox 235 1846 2243 1908; baseline -0.001 -13"><span class='ocrx_word' id='word_1_149' title='bbox 235 1859 425 1896; x_wconf 81' lang='lat' dir='ltr'><strong>veterum</strong></span> <span class='ocrx_word' id='word_1_150' title='bbox 464 1850 717 1908; x_wconf 88' lang='lat' dir='ltr'><strong>scriptorum</strong></span> <span class='ocrx_word' id='word_1_151' title='bbox 761 1848 1040 1905; x_wconf 85' lang='lat' dir='ltr'><strong>monumentis</strong></span> <span class='ocrx_word' id='word_1_152' title='bbox 1077 1847 1313 1891; x_wconf 87' lang='lat' dir='ltr'><strong>adhibenda</strong></span> <span class='ocrx_word' id='word_1_153' title='bbox 1345 1847 1527 1890; x_wconf 83' lang='lat' dir='ltr'><strong>maxime</strong></span> <span class='ocrx_word' id='word_1_154' title='bbox 1564 1846 1797 1899; x_wconf 84' lang='lat' dir='ltr'><strong>vitandum,</strong></span> <span class='ocrx_word' id='word_1_155' title='bbox 1849 1846 1948 1903; x_wconf 92' lang='lat' dir='ltr'><strong>quid</strong></span> <span class='ocrx_word' id='word_1_156' title='bbox 1982 1850 2243 1905; x_wconf 91' lang='lat' dir='ltr'><strong>sequendum</strong></span> 
     </span>
     <span class='ocr_line' id='line_1_25' title="bbox 235 1919 2243 1979; baseline -0.001 -12"><span class='ocrx_word' id='word_1_157' title='bbox 235 1926 302 1968; x_wconf 74' lang='lat' dir='ltr'><strong>sit.</strong></span> <span class='ocrx_word' id='word_1_158' title='bbox 349 1924 458 1967; x_wconf 89' lang='lat' dir='ltr'><strong>Nam</strong></span> <span class='ocrx_word' id='word_1_159' title='bbox 482 1922 645 1979; x_wconf 85' lang='lat' dir='ltr'><strong>copiam</strong></span> <span class='ocrx_word' id='word_1_160' title='bbox 666 1922 907 1964; x_wconf 89' lang='lat' dir='ltr'><strong>huiusmodi</strong></span> <span class='ocrx_word' id='word_1_161' title='bbox 937 1922 1229 1978; x_wconf 81' lang='lat' dir='ltr'><strong>exemplorum</strong></span> <span class='ocrx_word' id='word_1_162' title='bbox 1253 1919 1536 1977; x_wconf 87' lang='lat' dir='ltr'><strong>suppeditabit</strong></span> <span class='ocrx_word' id='word_1_163' title='bbox 1563 1919 1683 1962; x_wconf 92' lang='lat' dir='ltr'><strong>nobis</strong></span> <span class='ocrx_word' id='word_1_164' title='bbox 1706 1919 1870 1961; x_wconf 88' lang='lat' dir='ltr'><strong>libellus</strong></span> <span class='ocrx_word' id='word_1_165' title='bbox 1890 1919 2243 1965; x_wconf 86' lang='lat' dir='ltr'><strong>Adversariorum</strong></span> 
     </span>
     <span class='ocr_line' id='line_1_26' title="bbox 234 1992 2242 2053; baseline -0.001 -12"><span class='ocrx_word' id='word_1_166' title='bbox 234 1999 278 2041; x_wconf 91' lang='lat' dir='ltr'><strong>in</strong></span> <span class='ocrx_word' id='word_1_167' title='bbox 299 1995 504 2053; x_wconf 89' lang='lat' dir='ltr'><strong>Aeschyli</strong></span> <span class='ocrx_word' id='word_1_168' title='bbox 530 1995 834 2038; x_wconf 89' lang='lat' dir='ltr'><strong>Prometheum</strong></span> <span class='ocrx_word' id='word_1_169' title='bbox 863 2000 907 2037; x_wconf 88' lang='lat' dir='ltr'><strong>et</strong></span> <span class='ocrx_word' id='word_1_170' title='bbox 929 1993 1225 2051; x_wconf 86' lang='lat' dir='ltr'><strong>Aristophanis</strong></span> <span class='ocrx_word' id='word_1_171' title='bbox 1254 1994 1369 2037; x_wconf 87' lang='lat' dir='ltr'><strong>Aves</strong></span> <span class='ocrx_word' id='word_1_172' title='bbox 1397 2008 1534 2050; x_wconf 90' lang='lat' dir='ltr'><strong>nuper</strong></span> <span class='ocrx_word' id='word_1_173' title='bbox 1564 2007 1589 2035; x_wconf 89' lang='lat' dir='ltr'><strong>a</strong></span> <span class='ocrx_word' id='word_1_174' title='bbox 1617 1993 1694 2035; x_wconf 88' lang='lat' dir='ltr'><strong>Fr.</strong></span> <span class='ocrx_word' id='word_1_175' title='bbox 1709 1992 1976 2046; x_wconf 85' lang='lat' dir='ltr'><strong>Wieselero,</strong></span> <span class='ocrx_word' id='word_1_176' title='bbox 2006 1995 2116 2050; x_wconf 87' lang='lat' dir='ltr'><strong>prof.</strong></span> <span class='ocrx_word' id='word_1_177' title='bbox 2137 1996 2242 2039; x_wconf 86' lang='lat' dir='ltr'><strong>Got-</strong></span> 
     </span>
     <span class='ocr_line' id='line_1_27' title="bbox 234 2065 2241 2127; baseline -0 -14"><span class='ocrx_word' id='word_1_178' title='bbox 234 2070 436 2127; x_wconf 73' lang='lat' dir='ltr'><strong>tissgensi,</strong></span> <span class='ocrx_word' id='word_1_179' title='bbox 481 2068 640 2122; x_wconf 87' lang='lat' dir='ltr'><strong>editus,</strong></span> <span class='ocrx_word' id='word_1_180' title='bbox 685 2066 757 2125; x_wconf 91' lang='lat' dir='ltr'><strong>qui</strong></span> <span class='ocrx_word' id='word_1_181' title='bbox 794 2066 959 2110; x_wconf 90' lang='lat' dir='ltr'><strong>libellus</strong></span> <span class='ocrx_word' id='word_1_182' title='bbox 990 2081 1119 2123; x_wconf 93' lang='lat' dir='ltr'><strong>quum</strong></span> <span class='ocrx_word' id='word_1_183' title='bbox 1148 2068 1338 2110; x_wconf 87' lang='lat' dir='ltr'><strong>absoluta</strong></span> <span class='ocrx_word' id='word_1_184' title='bbox 1366 2068 1535 2110; x_wconf 89' lang='lat' dir='ltr'><strong>demum</strong></span> <span class='ocrx_word' id='word_1_185' title='bbox 1563 2072 1707 2109; x_wconf 87' lang='lat' dir='ltr'><strong>nostra</strong></span> <span class='ocrx_word' id='word_1_186' title='bbox 1735 2065 1920 2109; x_wconf 84' lang='lat' dir='ltr'><strong>editione</strong></span> <span class='ocrx_word' id='word_1_187' title='bbox 1957 2067 2011 2110; x_wconf 91' lang='lat' dir='ltr'><strong>ad</strong></span> <span class='ocrx_word' id='word_1_188' title='bbox 2039 2082 2118 2111; x_wconf 92' lang='lat' dir='ltr'><strong>nos</strong></span> <span class='ocrx_word' id='word_1_189' title='bbox 2148 2083 2241 2125; x_wconf 93' lang='lat' dir='ltr'><strong>per-</strong></span> 
     </span>
     <span class='ocr_line' id='line_1_28' title="bbox 237 2138 2240 2197; baseline -0 -11"><span class='ocrx_word' id='word_1_190' title='bbox 237 2145 343 2187; x_wconf 86' lang='lat' dir='ltr'><strong>latus</strong></span> <span class='ocrx_word' id='word_1_191' title='bbox 373 2142 450 2196; x_wconf 92' lang='lat' dir='ltr'><strong>sit,</strong></span> <span class='ocrx_word' id='word_1_192' title='bbox 487 2141 583 2185; x_wconf 91' lang='lat' dir='ltr'><strong>fieri</strong></span> <span class='ocrx_word' id='word_1_193' title='bbox 619 2154 705 2184; x_wconf 92' lang='lat' dir='ltr'><strong>non</strong></span> <span class='ocrx_word' id='word_1_194' title='bbox 731 2138 890 2197; x_wconf 89' lang='lat' dir='ltr'><strong>potuit,</strong></span> <span class='ocrx_word' id='word_1_195' title='bbox 934 2145 983 2182; x_wconf 89' lang='lat' dir='ltr'><strong>ut</strong></span> <span class='ocrx_word' id='word_1_196' title='bbox 1010 2140 1055 2183; x_wconf 92' lang='lat' dir='ltr'><strong>in</strong></span> <span class='ocrx_word' id='word_1_197' title='bbox 1085 2140 1393 2183; x_wconf 88' lang='lat' dir='ltr'><strong>commentariis</strong></span> <span class='ocrx_word' id='word_1_198' title='bbox 1429 2140 1585 2183; x_wconf 87' lang='lat' dir='ltr'><strong>nostris</strong></span> <span class='ocrx_word' id='word_1_199' title='bbox 1620 2139 1825 2182; x_wconf 82' lang='lat' dir='ltr'><strong>rationem</strong></span> <span class='ocrx_word' id='word_1_200' title='bbox 1855 2138 1947 2181; x_wconf 87' lang='lat' dir='ltr'><strong>eius</strong></span> <span class='ocrx_word' id='word_1_201' title='bbox 1978 2140 2240 2194; x_wconf 85' lang='lat' dir='ltr'><strong>haberemus,</strong></span> 
     </span>
     <span class='ocr_line' id='line_1_29' title="bbox 236 2211 2239 2273; baseline -0.002 -14"><span class='ocrx_word' id='word_1_202' title='bbox 236 2217 280 2259; x_wconf 88' lang='lat' dir='ltr'><strong>id</strong></span> <span class='ocrx_word' id='word_1_203' title='bbox 301 2216 414 2273; x_wconf 90' lang='lat' dir='ltr'><strong>quod</strong></span> <span class='ocrx_word' id='word_1_204' title='bbox 441 2214 594 2257; x_wconf 85' lang='lat' dir='ltr'><strong>facturi</strong></span> <span class='ocrx_word' id='word_1_205' title='bbox 621 2215 802 2256; x_wconf 89' lang='lat' dir='ltr'><strong>fortasse</strong></span> <span class='ocrx_word' id='word_1_206' title='bbox 824 2212 869 2255; x_wconf 91' lang='lat' dir='ltr'><strong>in</strong></span> <span class='ocrx_word' id='word_1_207' title='bbox 892 2211 1049 2268; x_wconf 85' lang='lat' dir='ltr'><strong>aliquot</strong></span> <span class='ocrx_word' id='word_1_208' title='bbox 1076 2212 1181 2255; x_wconf 88' lang='lat' dir='ltr'><strong>locis</strong></span> <span class='ocrx_word' id='word_1_209' title='bbox 1209 2212 1457 2266; x_wconf 89' lang='lat' dir='ltr'><strong>fuissemus,</strong></span> <span class='ocrx_word' id='word_1_210' title='bbox 1489 2213 1527 2255; x_wconf 90' lang='lat' dir='ltr'><strong>si</strong></span> <span class='ocrx_word' id='word_1_211' title='bbox 1554 2226 1639 2255; x_wconf 91' lang='lat' dir='ltr'><strong>non</strong></span> <span class='ocrx_word' id='word_1_212' title='bbox 1666 2211 1787 2253; x_wconf 89' lang='lat' dir='ltr'><strong>aliam</strong></span> <span class='ocrx_word' id='word_1_213' title='bbox 1818 2212 1873 2252; x_wconf 91' lang='lat' dir='ltr'><strong>ob</strong></span> <span class='ocrx_word' id='word_1_214' title='bbox 1903 2225 2093 2265; x_wconf 84' lang='lat' dir='ltr'><strong>causam,</strong></span> <span class='ocrx_word' id='word_1_215' title='bbox 2125 2221 2239 2256; x_wconf 85' lang='lat' dir='ltr'><strong>certe</strong></span> 
     </span>
     <span class='ocr_line' id='line_1_30' title="bbox 236 2283 2240 2347; baseline -0.002 -14"><span class='ocrx_word' id='word_1_216' title='bbox 236 2296 409 2347; x_wconf 89' lang='lat' dir='ltr'><strong>propter</strong></span> <span class='ocrx_word' id='word_1_217' title='bbox 444 2288 670 2332; x_wconf 88' lang='lat' dir='ltr'><strong>novitatem</strong></span> <span class='ocrx_word' id='word_1_218' title='bbox 700 2286 1036 2329; x_wconf 87' lang='lat' dir='ltr'><strong>coniecturarum</strong></span> <span class='ocrx_word' id='word_1_219' title='bbox 1072 2300 1098 2328; x_wconf 89' lang='lat' dir='ltr'><strong>a</strong></span> <span class='ocrx_word' id='word_1_220' title='bbox 1128 2285 1397 2343; x_wconf 76' lang='lat' dir='ltr'><strong>Gottingensi</strong></span> <span class='ocrx_word' id='word_1_221' title='bbox 1427 2285 1573 2329; x_wconf 83' lang='lat' dir='ltr'><strong>critico</strong></span> <span class='ocrx_word' id='word_1_222' title='bbox 1601 2283 1929 2342; x_wconf 85' lang='lat' dir='ltr'><strong>propositarum.</strong></span> <span class='ocrx_word' id='word_1_223' title='bbox 1988 2285 2240 2329; x_wconf 81' lang='lat' dir='ltr'><strong>Tractanmr</strong></span> 
     </span>
     <span class='ocr_line' id='line_1_31' title="bbox 237 2359 2240 2417; baseline -0.001 -11"><span class='ocrx_word' id='word_1_224' title='bbox 237 2363 348 2406; x_wconf 88' lang='lat' dir='ltr'><strong>enim</strong></span> <span class='ocrx_word' id='word_1_225' title='bbox 369 2363 420 2405; x_wconf 90' lang='lat' dir='ltr'><strong>ab</strong></span> <span class='ocrx_word' id='word_1_226' title='bbox 449 2362 531 2405; x_wconf 90' lang='lat' dir='ltr'><strong>hoc</strong></span> <span class='ocrx_word' id='word_1_227' title='bbox 549 2360 773 2404; x_wconf 91' lang='lat' dir='ltr'><strong>duodecim</strong></span> <span class='ocrx_word' id='word_1_228' title='bbox 793 2360 957 2403; x_wconf 84' lang='lat' dir='ltr'><strong>fabulae</strong></span> <span class='ocrx_word' id='word_1_229' title='bbox 977 2360 1244 2417; x_wconf 85' lang='lat' dir='ltr'><strong>Aeschyleae</strong></span> <span class='ocrx_word' id='word_1_230' title='bbox 1259 2359 1364 2414; x_wconf 90' lang='lat' dir='ltr'><strong>loci,</strong></span> <span class='ocrx_word' id='word_1_231' title='bbox 1394 2374 1573 2417; x_wconf 92' lang='lat' dir='ltr'><strong>quorum</strong></span> <span class='ocrx_word' id='word_1_232' title='bbox 1588 2373 1667 2402; x_wconf 86' lang='lat' dir='ltr'><strong>sex</strong></span> <span class='ocrx_word' id='word_1_233' title='bbox 1696 2363 1768 2401; x_wconf 87' lang='lat' dir='ltr'><strong>aut</strong></span> <span class='ocrx_word' id='word_1_234' title='bbox 1793 2362 1957 2417; x_wconf 86' lang='lat' dir='ltr'><strong>septem</strong></span> <span class='ocrx_word' id='word_1_235' title='bbox 1975 2372 2052 2401; x_wconf 91' lang='lat' dir='ltr'><strong>nos</strong></span> <span class='ocrx_word' id='word_1_236' title='bbox 2074 2373 2240 2417; x_wconf 86' lang='lat' dir='ltr'><strong>quoque</strong></span> 
     </span>
     <span class='ocr_line' id='line_1_32' title="bbox 237 2430 2241 2492; baseline -0.001 -12"><span class='ocrx_word' id='word_1_237' title='bbox 237 2436 518 2481; x_wconf 82' lang='lat' dir='ltr'><strong>tractavimus.</strong></span> <span class='ocrx_word' id='word_1_238' title='bbox 570 2435 622 2479; x_wconf 91' lang='lat' dir='ltr'><strong>In</strong></span> <span class='ocrx_word' id='word_1_239' title='bbox 651 2434 717 2478; x_wconf 89' lang='lat' dir='ltr'><strong>his</strong></span> <span class='ocrx_word' id='word_1_240' title='bbox 734 2448 862 2492; x_wconf 91' lang='lat' dir='ltr'><strong>quum</strong></span> <span class='ocrx_word' id='word_1_241' title='bbox 890 2433 1028 2478; x_wconf 87' lang='lat' dir='ltr'><strong>nullus</strong></span> <span class='ocrx_word' id='word_1_242' title='bbox 1058 2433 1132 2488; x_wconf 90' lang='lat' dir='ltr'><strong>sit,</strong></span> <span class='ocrx_word' id='word_1_243' title='bbox 1162 2433 1216 2478; x_wconf 87' lang='lat' dir='ltr'><strong>de</strong></span> <span class='ocrx_word' id='word_1_244' title='bbox 1247 2433 1368 2478; x_wconf 88' lang='lat' dir='ltr'><strong>cuius</strong></span> <span class='ocrx_word' id='word_1_245' title='bbox 1393 2431 1681 2477; x_wconf 84' lang='lat' dir='ltr'><strong>emendatione</strong></span> <span class='ocrx_word' id='word_1_246' title='bbox 1710 2446 1796 2475; x_wconf 90' lang='lat' dir='ltr'><strong>non</strong></span> <span class='ocrx_word' id='word_1_247' title='bbox 1819 2430 2057 2490; x_wconf 82' lang='lat' dir='ltr'><strong>longissime</strong></span> <span class='ocrx_word' id='word_1_248' title='bbox 2086 2432 2241 2477; x_wconf 77' lang='lat' dir='ltr'><strong>utrius-</strong></span> 
     </span>
     <span class='ocr_line' id='line_1_33' title="bbox 240 2503 2242 2567; baseline -0.001 -15"><span class='ocrx_word' id='word_1_249' title='bbox 240 2525 320 2567; x_wconf 89' lang='lat' dir='ltr'><strong>que</strong></span> <span class='ocrx_word' id='word_1_250' title='bbox 350 2515 540 2552; x_wconf 86' lang='lat' dir='ltr'><strong>nostrum</strong></span> <span class='ocrx_word' id='word_1_251' title='bbox 567 2508 724 2551; x_wconf 88' lang='lat' dir='ltr'><strong>iudicia</strong></span> <span class='ocrx_word' id='word_1_252' title='bbox 753 2507 1021 2561; x_wconf 87' lang='lat' dir='ltr'><strong>dissentiant,</strong></span> <span class='ocrx_word' id='word_1_253' title='bbox 1058 2521 1214 2565; x_wconf 90' lang='lat' dir='ltr'><strong>operae</strong></span> <span class='ocrx_word' id='word_1_254' title='bbox 1242 2505 1425 2564; x_wconf 86' lang='lat' dir='ltr'><strong>pretium</strong></span> <span class='ocrx_word' id='word_1_255' title='bbox 1453 2504 1600 2558; x_wconf 83' lang='lat' dir='ltr'><strong>fuerit,</strong></span> <span class='ocrx_word' id='word_1_256' title='bbox 1633 2504 1759 2549; x_wconf 88' lang='lat' dir='ltr'><strong>huius</strong></span> <span class='ocrx_word' id='word_1_257' title='bbox 1789 2503 2061 2549; x_wconf 75' lang='lat' dir='ltr'><strong>dissensionis</strong></span> <span class='ocrx_word' id='word_1_258' title='bbox 2092 2519 2242 2549; x_wconf 80' lang='lat' dir='ltr'><strong>causas</strong></span> 
     </span>
     <span class='ocr_line' id='line_1_34' title="bbox 240 2581 1269 2641; baseline -0.007 -13"><span class='ocrx_word' id='word_1_259' title='bbox 240 2590 363 2641; x_wconf 78' lang='lat' dir='ltr'><strong>atque</strong></span> <span class='ocrx_word' id='word_1_260' title='bbox 391 2581 576 2625; x_wconf 87' lang='lat' dir='ltr'><strong>rationes</strong></span> <span class='ocrx_word' id='word_1_261' title='bbox 605 2582 745 2639; x_wconf 91' lang='lat' dir='ltr'><strong>paullo</strong></span> <span class='ocrx_word' id='word_1_262' title='bbox 776 2581 1010 2625; x_wconf 86' lang='lat' dir='ltr'><strong>accuratius</strong></span> <span class='ocrx_word' id='word_1_263' title='bbox 1040 2593 1269 2638; x_wconf 84' lang='lat' dir='ltr'><strong>exponere.</strong></span> 
     </span>
    </p>

    <p class='ocr_par' dir='ltr' id='par_1_10' title="bbox 427 2652 1592 2713">
     <span class='ocr_line' id='line_1_35' title="bbox 427 2652 1592 2713; baseline -0.003 -17"><span class='ocrx_word' id='word_1_264' title='bbox 427 2654 617 2698; x_wconf 85' lang='lat' dir='ltr'><strong>Primum</strong></span> <span class='ocrx_word' id='word_1_265' title='bbox 653 2656 779 2713; x_wconf 82' lang='lat' dir='ltr'><strong>igitur</strong></span> <span class='ocrx_word' id='word_1_266' title='bbox 808 2669 934 2697; x_wconf 85' lang='lat' dir='ltr'><strong>versu</strong></span> <span class='ocrx_word' id='word_1_267' title='bbox 963 2654 1040 2705; x_wconf 83' lang='lat'><strong>49,</strong></span> <span class='ocrx_word' id='word_1_268' title='bbox 1078 2667 1205 2709; x_wconf 88' lang='lat' dir='ltr'><strong>quum</strong></span> <span class='ocrx_word' id='word_1_269' title='bbox 1234 2654 1357 2708; x_wconf 81' lang='lat' dir='ltr'><strong>vulgo</strong></span> <span class='ocrx_word' id='word_1_270' title='bbox 1388 2652 1592 2693; x_wconf 86' lang='lat' dir='ltr'><strong>scribatur</strong></span> 
     </span>
    </p>

    <p class='ocr_par' dir='ltr' id='par_1_11' title="bbox 796 2724 1682 2860">
     <span class='ocr_line' id='line_1_36' title="bbox 797 2724 1682 2785; baseline -0.007 -11"><span class='ocrx_word' id='word_1_271' title='bbox 797 2726 945 2775; x_wconf 73' lang='grc' dir='ltr'>ἅπαντ’</span> <span class='ocrx_word' id='word_1_272' title='bbox 975 2727 1169 2785; x_wconf 64' lang='grc' dir='ltr'><strong>ἐπράχθη</strong></span> <span class='ocrx_word' id='word_1_273' title='bbox 1206 2724 1309 2778; x_wconf 68' lang='grc' dir='ltr'><strong>πλῆν</strong></span> <span class='ocrx_word' id='word_1_274' title='bbox 1344 2726 1465 2771; x_wconf 69' lang='grc' dir='ltr'><em>θεοῖσι</em></span> <span class='ocrx_word' id='word_1_275' title='bbox 1495 2732 1682 2784; x_wconf 61' lang='grc' dir='ltr'><strong><em>κοιρανεῖν·</em></strong></span> 
     </span>
     <span class='ocr_line' id='line_1_37' title="bbox 796 2796 1621 2860; baseline -0.005 -14"><span class='ocrx_word' id='word_1_276' title='bbox 796 2802 994 2860; x_wconf 67' lang='grc' dir='ltr'><strong>ἐλεύθερος</strong></span> <span class='ocrx_word' id='word_1_277' title='bbox 1023 2798 1107 2860; x_wconf 63' lang='lat' dir='ltr'><strong>‘yde</strong></span> <span class='ocrx_word' id='word_1_278' title='bbox 1138 2798 1240 2847; x_wconf 73' lang='grc' dir='ltr'><strong><em>οὔτις</em></strong></span> <span class='ocrx_word' id='word_1_279' title='bbox 1270 2800 1351 2846; x_wconf 75' lang='grc' dir='ltr'><strong>ἐστὶ</strong></span> <span class='ocrx_word' id='word_1_280' title='bbox 1388 2796 1490 2849; x_wconf 60' lang='grc' dir='ltr'><strong>πλὴν</strong></span> <span class='ocrx_word' id='word_1_281' title='bbox 1520 2796 1621 2844; x_wconf 71' lang='grc' dir='ltr'>Διός-</span> 
     </span>
    </p>
   </div>
  </div>
 </body>
</html>
