2493 3077
243 256 450 294 structum
479 249 611 293 fuisse
639 250 681 291 in
707 250 822 290 ¹hunc
843 248 1035 300 modum,
1065 260 1191 303 quem
1212 247 1378 303 pictura
1396 258 1700 305 repraesentat.
1746 250 1807 295 Et
1836 252 1949 309 quod
1971 266 2053 296 non
2083 266 2247 296 omnem

243 324 354 364 hunc
385 323 604 364 circuitum
626 321 839 376 depictum
860 320 1074 372 videmus,
1105 320 1182 362 sed
1210 327 1374 376 partem
1402 327 1562 365 tantum
1591 325 1685 367 eius
1716 340 1811 367 cum
1835 325 1929 380 ipso
1951 325 2022 367 illo
2044 325 2247 368 foramine

242 401 369 450 atque
399 395 564 436 homine
585 393 697 434 intus
718 394 943 434 collocato:
973 392 1215 434 necessario
1244 393 1326 435 hoc
1355 393 1413 436 ita
1440 393 1578 449 pictor
1599 395 1798 450 instituit,
1831 396 2180 453 quandoquidem,
2211 398 2247 440 si

241 473 375 510 totum
401 465 621 509 circuitum
642 464 875 522 pinxisset,
905 464 1116 508 hominem
1136 479 1313 509 necesse
1334 465 1486 509 fuisset
1510 466 1709 510 abscondi
1734 482 1814 512 nec
1836 468 2024 526 potuisse
2048 470 2247 527 conspici.

241 538 368 583 Fecit
396 537 544 596 igitur,
576 538 688 596 quod
710 536 892 581 maxime
916 543 1242 581 consentaneum
1271 544 1382 593 erat,
1413 544 1460 582 ut
1478 538 1588 582 muri
1606 538 1843 597 imperfecti
1864 542 2049 599 speciem
2078 557 2248 601 reprae-

240 618 445 665 sentaret,
476 626 656 668 eumque
678 626 734 653 ex
756 612 888 652 altera
910 617 1031 668 parte
1050 611 1335 664 humiliorem,
1366 626 1449 668 quo
1472 612 1646 669 propius
1666 613 1913 667 draconem,
1946 629 2001 659 ex
2027 616 2105 659 hac
2128 624 2248 674 parte

239 686 523 741 advolantem,
565 684 722 728 homini
752 684 978 728 admovere
1009 690 1166 742 posset.
1219 684 1350 728 Humc
1374 691 1513 728 autem
1534 686 1760 729 draconem
1787 700 1842 729 ne
1871 700 1948 730 nos
1973 690 2142 746 quidem
2169 705 2247 748 pro

237 775 323 804 uno
355 775 501 803 eorum
538 759 790 816 accipimus,
834 758 907 815 qui
944 759 988 801 in
1019 771 1196 802 caverna
1226 759 1463 816 Trophonii
1493 775 1589 804 esse
1619 761 1887 816 dicebantur,
1934 777 2039 819 quos
2077 764 2246 821 quidem

239 835 493 877 Welckerus
523 839 642 875 recte
672 838 799 889 negat
828 833 958 874 alatos
988 831 1102 889 pingi
1131 831 1343 887 potuisse:
1383 833 1461 875 sed
1489 832 1592 876 nihil
1622 834 1781 888 obstat,
1812 835 2032 891 quominus
2062 837 2245 893 Agatho-

239 909 482 951 daemonem
506 906 736 964 significari
759 906 994 959 credamus,
1024 905 1067 948 in
1082 904 1201 948 cuius
1218 905 1339 959 aede,
1365 906 1436 962 qui
1458 907 1674 950 oraculum
1688 909 1971 962 consulebant,
1995 908 2245 966 aliquamdiu

239 983 518 1025 morabantur.
562 980 607 1023 Is
637 980 764 1036 igitur
793 994 903 1022 nunc
920 980 1039 1021 adest
1063 979 1358 1032 descendenti,
1388 979 1617 1036 propitius,
1649 981 1819 1037 opinor,
1850 987 1893 1024 et
1921 996 2044 1038 opem
2072 982 2244 1024 laturus.

236 1054 439 1098 Proxime
476 1052 892 1110 Agathodaemonem
930 1051 984 1094 ad
1021 1051 1213 1094 dextram
1254 1052 1464 1094 caduceus
1508 1058 1595 1107 est,
1645 1053 1895 1097 mercuriale
1934 1054 2119 1112 signum,
2163 1070 2245 1112 quo

236 1128 337 1170 nihil
368 1127 480 1169 aliud
510 1141 534 1168 a
563 1126 725 1182 pictore
757 1125 1034 1182 significatum
1077 1124 1277 1178 coniicio,
1316 1139 1439 1181 quam
1470 1125 1785 1182 Trophonium,
1823 1127 1982 1169 oraculi
2020 1128 2243 1170 dominum.

237 1201 407 1258 Quippe
427 1201 598 1243 fuerunt
621 1199 692 1256 qui
717 1199 855 1256 ipsum
877 1197 1170 1255 Trophonium
1195 1212 1273 1254 pro
1296 1197 1513 1241 Mercurio
1542 1198 1767 1253 haberent,
1807 1214 1891 1243 uno
1916 1200 1969 1242 de
1985 1200 2180 1257 quinque,
2203 1200 2246 1244 in

236 1289 342 1332 quos
373 1273 497 1317 huius
524 1287 679 1316 numen
708 1286 733 1315 a
761 1271 1148 1329 philosophantibus
1179 1270 1432 1328 mythologis
1465 1271 1730 1328 dispertitum
1760 1277 1838 1314 est.
1853 1298 1912 1303 —
1955 1273 2150 1330 Denique
2181 1273 2243 1316 lit-

235 1354 350 1392 teras
381 1358 444 1395 ΑΓ
446 1358 501 1401 A,
531 1348 670 1404 paullo
691 1346 854 1403 longius
886 1346 937 1387 ad
960 1346 1151 1388 dextram
1174 1345 1332 1403 positas
1358 1344 1551 1401 quilibet,
1582 1345 1754 1402 opinor,
1785 1346 1911 1387 malet
1941 1346 1995 1387 de
2018 1347 2245 1403 Agamedis

236 1423 403 1465 nomine
428 1420 718 1477 interpretari,
742 1434 865 1475 quam
890 1434 984 1461 cum
1004 1420 1255 1471 WVelckero,
1287 1419 1340 1460 de
1365 1418 1628 1472 Palamedis,
1653 1425 1700 1461 ut
1722 1419 1857 1475 prima
1873 1419 2012 1461 littera
2034 1428 2072 1466 Π
2093 1420 2245 1474 deleta,

234 1505 270 1542 A
301 1501 440 1537 autem
470 1509 565 1536 cum
596 1502 626 1539 Γ
657 1498 892 1549 permutata
923 1506 1018 1533 esse
1048 1497 1274 1545 statuatur,
1307 1507 1435 1548 quum
1464 1492 1716 1549 praesertim
1743 1492 1836 1549 ipse
1863 1493 2117 1535 Welckerus
2147 1494 2244 1537 huic

233 1583 280 1610 se
319 1567 587 1610 coniecturae
625 1579 709 1607 non
739 1566 913 1606 multum
952 1564 1140 1606 tribuere
1175 1565 1393 1620 professus
1424 1565 1491 1607 sit.
1553 1566 1674 1623 Quae
1715 1571 1854 1608 autem
1892 1568 1942 1607 ab
1980 1566 2061 1608 hoc
2092 1581 2243 1609 causae

232 1642 527 1698 proferuntur,
569 1639 791 1696 quominus
821 1637 1059 1694 Agamedes
1091 1636 1318 1693 significari
1342 1638 1559 1691 credatur,
1588 1639 1667 1681 hae
1689 1638 1811 1692 mihi,
1843 1639 1879 1681 si
1909 1639 1972 1680 fas
2003 1645 2069 1681 est
2086 1639 2242 1682 littera-

231 1715 314 1758 tori
345 1721 492 1758 contra
519 1713 841 1769 archaeologum
873 1712 926 1753 de
948 1710 1188 1753 huiusmodi
1218 1711 1319 1753 artis
1340 1711 1503 1753 arcanis
1535 1712 1701 1765 dicere,
1740 1712 1885 1755 inanes
1916 1700 2011 1755 esse
2034 1712 2241 1756 videntur.

232 1790 320 1831 Aut
348 1789 487 1845 ipsum
517 1786 798 1843 Agamedem,
837 1791 907 1826 aut
936 1800 1026 1826 rem
1058 1785 1237 1840 aliquam
1267 1785 1320 1826 ad
1349 1785 1609 1840 Agamedem
1638 1785 1939 1841 pertinentem,
1970 1787 2084 1829 velut
2114 1801 2241 1840 aram,

231 1876 315 1904 non
345 1868 486 1903 autem
525 1860 685 1901 litteras
716 1858 896 1900 initiales
930 1858 1043 1913 pingi
1075 1858 1272 1900 debuisse
1304 1858 1529 1900 contendit.
1589 1859 1736 1914 Ipsum
1764 1859 2023 1915 Agamedem
2063 1875 2140 1902 cur
2169 1875 2242 1902 no-

231 1935 357 1978 luerit
384 1935 522 1991 pictor
551 1933 747 1990 pingere,
778 1930 879 1973 mihi
909 1930 1008 1973 satis
1047 1929 1311 1973 manifestum
1347 1929 1538 1974 videtur:
1582 1945 1697 1975 aram
1734 1930 1806 1988 qui
1834 1932 2039 1989 postulat,
2071 1932 2240 1977 demon-

231 2013 366 2050 strare
404 2013 499 2049 ante
538 2006 675 2048 omnia
705 2004 895 2057 debebit,
936 2004 1068 2046 fuisse
1107 2018 1220 2046 aram
1249 2004 1455 2060 Agamedi
1493 2010 1794 2047 consecratam.
1867 2005 1975 2047 Nam
2003 2006 2238 2048 Pausanias

231 2079 401 2136 quidem
430 2079 528 2122 huic
560 2079 610 2121 ab
640 2077 713 2131 iis,
746 2077 817 2134 qui
847 2076 890 2119 in
916 2091 1134 2120 cavernam
1154 2077 1574 2131 descensuriessent,
1606 2077 1783 2121 arietem
1811 2091 1894 2121 non
1925 2078 1977 2121 ad
2003 2092 2131 2133 aram,
2162 2079 2239 2122 sed

229 2160 282 2199 εἷς
312 2153 460 2212 βόθρον
491 2150 770 2194 sacrificatum
802 2164 898 2191 esse
930 2149 1086 2192 scribit.
1130 2150 1199 2193 De
1231 2150 1310 2192 alia
1340 2150 1520 2206 denique
1550 2165 1598 2193 re
1629 2165 1877 2207 quacunque
1907 2151 1960 2193 ad
1981 2153 2240 2208 Agamedem

227 2224 492 2283 pertinente,
537 2236 618 2281 qua
658 2223 695 2266 is
721 2223 870 2266 melius
909 2236 1032 2279 quam
1071 2223 1216 2279 primis
1253 2223 1403 2265 litteris
1442 2223 1620 2266 nominis
1659 2223 1886 2280 significari
1926 2224 2133 2280 potuisset
2170 2232 2242 2267 aut

228 2299 468 2352 debuisset,
515 2304 603 2340 tum
641 2297 808 2339 demum
847 2296 1052 2353 disputari
1082 2297 1259 2353 poterit,
1308 2296 1345 2339 si
1384 2296 1517 2353 qualis
1556 2296 1661 2340 haec
1691 2311 1762 2339 res
1794 2297 1869 2350 sit,
1912 2296 2041 2340 fuerit
2071 2297 2239 2341 demon-

228 2381 420 2418 stratum.
458 2398 518 2404 —
587 2371 734 2427 Itaque
773 2370 874 2413 mihi
913 2369 1082 2427 quidem
1112 2370 1213 2413 nihil
1242 2372 1408 2413 obstare
1439 2369 1627 2424 videtur,
1666 2369 1886 2426 quominus
1926 2369 1970 2413 id
2008 2369 2121 2427 quod
2152 2370 2239 2416 dixi

229 2451 520 2504 argumentum
556 2444 680 2487 huius
716 2444 906 2501 picturae
945 2458 1041 2486 esse
1081 2450 1305 2498 statuatur,
1348 2458 1486 2500 neque
1522 2443 1566 2485 in
1595 2443 1669 2497 iis,
1715 2458 1822 2500 quae
1852 2444 1896 2486 in
1924 2443 2097 2500 reliquis
2127 2445 2236 2487 vasis

230 2520 416 2578 partibus
446 2519 560 2576 picta
590 2524 707 2570 sunt,
739 2517 964 2574 quidquam
995 2531 1090 2558 esse
1122 2518 1323 2570 arbitror,
1355 2517 1467 2573 quod
1496 2516 1594 2559 huic
1623 2516 1955 2572 interpretationi
1978 2516 2237 2570 adversetur,

230 2595 392 2635 etiamsi
431 2594 485 2634 de
517 2593 712 2647 singulis,
751 2592 851 2647 quid
881 2592 961 2632 sibi
992 2592 1119 2633 velint
1148 2600 1191 2633 et
1222 2607 1304 2646 quo
1335 2591 1594 2645 pertineant,
1639 2606 1724 2632 non
1752 2596 1893 2645 potest
1923 2596 2039 2632 certo
2069 2590 2235 2632 demon-

227 2668 368 2709 strari.
428 2668 516 2707 Sed
554 2665 904 2722 quemadmodum
933 2665 977 2706 in
1006 2664 1266 2720 philologieis
1296 2664 1353 2706 ita
1383 2663 1507 2706 etiam
1536 2663 1580 2706 in
1611 2661 1937 2718 archaeologicis
1975 2663 2103 2706 multa
2141 2676 2235 2705 esse

228 2749 354 2798 puto,
387 2754 493 2795 quae
514 2739 645 2780 satius
676 2738 731 2780 sit
759 2738 947 2791 nescire,
979 2753 1102 2794 quam
1132 2739 1321 2781 inanibus
1353 2737 1606 2782 coniecturis
1637 2753 1808 2793 operam
1837 2736 1998 2780 ludere.

426 2812 671 2855 Scribebam
703 2811 1073 2868 Gryphiswaldiae
1111 2827 1254 2855 mense
1284 2811 1439 2856 Martio
1470 2826 1563 2855 ann.
1595 2809 1960 2855 MDCCCXLIV.

2482 830 2493 929 ἕ

2487 931 2493 956 4

2486 972 2493 1030 Ξ
