2493 3077
1108 88 1415 139 -12-

252 214 422 256 tolerari
467 228 551 256 non
588 213 784 255 debuisse
831 212 1134 255 contendimus.
1206 212 1315 268 Quis
1354 212 1464 254 enim
1499 215 1625 256 talem
1655 228 1843 266 versum,
1892 228 1975 257 non
2015 216 2151 259 dicam
2181 216 2265 257 Ae-

253 287 421 343 schylo,
453 287 529 329 sed
559 284 742 342 quolibet
772 285 825 327 de
855 284 979 327 trivio
1009 291 1135 342 poeta
1165 283 1333 341 dignum
1363 284 1542 338 iudicet,
1583 284 1870 346 ἀδαμαντίνως
1899 284 2059 337 melam,
2090 295 2125 335 ἐν
2155 288 2266 347 0333&-

254 379 359 405 κτοις
404 364 588 418 πέτραις,
634 357 796 400 duabus
832 357 1022 414 partibus
1060 357 1301 414 aequalibus
1341 357 1384 399 in
1420 357 1758 402 homoeoteleuta
1793 359 2112 402 desinentibus?
2179 361 2266 403 Aut

255 433 348 490 quis
387 434 435 474 ab
465 431 682 488 Aeschylo
722 431 793 473 uni
831 432 962 475 verbo
1003 431 1192 489 ὀχμάσαι
1229 430 1273 472 in
1302 444 1385 473 uno
1417 430 1616 473 orationis
1652 434 1860 486 membro,
1907 447 1990 491 uno
2029 439 2265 476 structurae

255 514 423 558 tenore,
461 505 567 547 haec
598 504 681 547 duo
713 504 812 564 πρός
842 508 1014 566 πέτραις
1046 512 1088 547 et
1129 510 1163 550 ἐν
1193 508 1361 563 πέτραις
1399 502 1566 560 adiungi
1595 502 1784 560 potuisse
1816 506 1994 548 credet?

1248 576 1356 623 τόνδε
1385 578 1506 636 πρός
1546 581 1761 636 πέτραις

738 651 1049 711 ὑψηλοκρήμνοις
1080 651 1147 697 τᾶν
1179 649 1349 710 λεωγρόν
1379 647 1567 708 ὀχμάσαι

740 721 1031 780 οἱδαμαντίναις
1069 720 1210 769 πέδαις
1239 728 1281 767 ἐν
1321 722 1525 780 α’ῤῥήκτοις
1561 726 1783 781 πέτραις.

251 796 310 838 Et
358 797 438 837 hoc
477 795 573 854 πρός
612 800 783 854 πέτραις
821 796 1010 852 ὀχμάσαι
1052 801 1087 839 ἐν
1123 799 1312 853 πέτραις,
1362 794 1422 835 ad
1458 810 1618 849 rupes
1657 795 1883 851 affigere
1926 795 1977 837 in
2024 795 2264 851 rupibus,

251 868 501 926 significabit
537 868 784 911 Wieselero
814 868 1070 925 interprete:
1101 868 1153 909 ad
1177 881 1308 924 rupes
1338 866 1398 909 ita
1418 867 1592 924 affigere
1615 869 1813 923 alterum,
1843 874 1891 911 ut
1919 869 1956 911 is
1986 868 2109 911 simul
2140 868 2265 911 etiam

252 943 439 986 inclusus
470 942 514 984 in
544 942 720 999 rupibus
751 943 792 983 h.
826 957 864 984 e.
896 941 939 983 in
970 941 1106 997 aliquo
1138 940 1254 982 hiatu
1282 940 1452 997 rupium
1476 942 1624 985 lateat!
1650 967 1709 974 —
1770 942 1892 985 Talia
1921 943 1958 985 si
1988 950 2060 986 aut
2088 957 2171 985 non
2201 957 2265 985 as-

252 1023 455 1073 sequutus
494 1023 565 1058 aut
603 1016 863 1066 abominatus
901 1014 1049 1071 aliquis
1089 1015 1142 1056 ad
1182 1013 1467 1056 coniecturam
1515 1015 1702 1070 quamvis
1754 1017 1956 1059 audacem
1994 1004 2266 1073 confugisset,

252 1104 521 1147 summopere
558 1089 840 1132 laudaremus.
909 1088 998 1130 Sed
1036 1102 1299 1144 nequaquam
1336 1092 1475 1129 tamen
1512 1088 1762 1131 scholiastae
1799 1089 1910 1132 illius
1947 1089 2170 1133 lectionem
2210 1104 2265 1133 ex

251 1163 491 1207 huiusmodi
530 1163 772 1206 coniectura
803 1168 936 1205 ortam
976 1177 1071 1204 esse
1104 1172 1347 1204 censemusz
1395 1161 1643 1218 impressam
1681 1162 1791 1205 enim
1829 1164 1954 1207 habet
1992 1164 2266 1207 certissimam

253 1237 441 1279 veritatis
479 1243 643 1289 notam,
689 1242 837 1292 estque
877 1235 989 1277 haud
1029 1234 1154 1276 dubie
1202 1248 1257 1276 ex
1298 1234 1542 1292 incorrupto
1581 1235 1760 1291 quodam
1796 1236 1960 1278 fabulae
1990 1237 2264 1293 {Aeschyleae

255 1311 451 1366 exemplo
482 1316 698 1366 prompta:
743 1310 848 1351 haec
881 1315 1048 1361 contra,
1080 1322 1187 1364 quae
1218 1307 1261 1349 in
1290 1308 1445 1350 nostris
1477 1308 1690 1351 codicibus
1720 1310 1936 1365 leguntur,
1966 1309 2108 1366 inepte
2140 1324 2264 1352 exco-

256 1384 386 1440 gitata
417 1389 514 1425 sunt
544 1384 597 1424 ad
630 1383 880 1438 explendam
912 1381 1127 1438 depravati
1158 1380 1316 1422 codicis
1346 1381 1609 1437 scripturam.
1652 1381 1758 1423 Nam
1788 1381 1968 1438 primum
1998 1388 2032 1427 ἐν
2064 1383 2266 1441 οἰρῤἥκτοις

256 1459 444 1513 πέτραις,
475 1470 555 1511 pro
585 1452 739 1502 πέδαις,
771 1454 974 1509 scriptum
1007 1459 1119 1505 erat,
1158 1468 1305 1495 errore
1335 1453 1534 1509 proclivi,
1574 1460 1617 1496 et
1644 1453 1687 1496 in
1717 1454 1954 1497 Wellaueri
1985 1454 2110 1497 etiam
2139 1470 2263 1498 anno-

255 1528 410 1571 tatione
442 1528 493 1570 ad
524 1528 565 1569 h.
596 1528 623 1569 l.
657 1526 906 1569 commisso:
950 1526 1103 1568 deinde
1132 1526 1271 1569 media
1299 1541 1448 1569 versus
1478 1541 1576 1583 pars
1608 1526 1745 1583 aliquo
1784 1542 1884 1570 casu
1915 1527 2172 1581 oblitterata,
2219 1534 2266 1571 ut

254 1601 336 1657 legi
376 1615 459 1643 non
495 1606 669 1657 possent
706 1600 787 1641 nisi
828 1600 955 1641 haec:
1013 1597 1236 1657 α’δαμαντίν
1272 1624 1331 1629 -
1366 1624 1425 1629 -
1461 1604 1495 1644 ἐν
1530 1599 1733 1658 α’ῤῥήκτοις
1769 1603 1958 1659 πέτραιςε
2003 1601 2183 1657 denique
2221 1601 2264 1643 in

253 1674 439 1731 margine
477 1674 734 1730 adscriptum
773 1670 935 1721 πέδαις,
979 1687 1062 1728 quo
1093 1672 1255 1713 scilicet
1283 1671 1384 1713 illud
1415 1676 1582 1731 πέτραις
1612 1672 1910 1728 corrigeretur.
1977 1674 2077 1716 Hoc
2115 1680 2264 1730 postea

254 1754 470 1790 corrector
508 1749 615 1789 male
654 1749 808 1789 abusus
849 1753 914 1788 est
952 1746 1005 1787 ad
1043 1745 1293 1801 explendam
1323 1745 1532 1797 lacunam,
1578 1751 1621 1787 et
1656 1745 1753 1787 hinc
1790 1752 2030 1790 nostrorum
2070 1747 2261 1791 codicum

254 1821 455 1864 lectiones
486 1827 604 1863 ortae
636 1827 744 1863 sunt.
783 1847 842 1852 —
903 1820 1024 1877 Quae
1056 1825 1194 1860 autem
1224 1817 1397 1874 protulit
1434 1823 1656 1873 praeterea
1686 1818 1953 1862 Wieselerus
1985 1820 2037 1862 ad
2068 1819 2272 1864 emendass

253 1895 409 1936 tionem
440 1893 603 1935 scilicet
642 1908 759 1935 suam
791 1892 1163 1948 comprobandam:
1207 1890 1377 1944 „wideri
1406 1891 1709 1933 Prometheum
1746 1892 1789 1933 in
1820 1892 1956 1948 aliquo
1991 1893 2109 1950 rupis
2146 1894 2262 1937 hiatu

254 1967 434 2022 positum
463 1966 596 2008 fuisse
626 1966 704 2018 ita,
736 1972 782 2007 ut
811 1980 911 2021 pars
941 1971 1098 2006 tantum
1130 1964 1320 2019 corporis
1350 1964 1608 2019 promineret
1638 1971 1681 2006 et
1710 1964 1754 2006 in
1784 1972 2055 2021 conspectum
2084 1967 2260 2021 veniret,

255 2054 429 2095 eamque
467 2038 714 2081 sententiam
754 2037 925 2094 egregie
964 2037 1168 2093 quadrare
1208 2036 1261 2079 ad
1290 2036 1354 2090 id,
1401 2037 1513 2093 quod
1542 2037 1731 2093 pluribus
1768 2038 1821 2080 de
1862 2039 1998 2081 causis
2034 2054 2112 2095 pro
2144 2047 2260 2084 certo

254 2112 363 2156 sumi
392 2112 548 2169 possit,
579 2111 826 2155 Promethei
857 2110 1078 2167 imaginem
1108 2109 1313 2167 quandam
1343 2109 1521 2167 ligneam
1543 2110 1675 2153 oculis
1706 2125 1874 2165 eorum,
1906 2111 1977 2168 qui
2007 2119 2260 2170 spectarent,

253 2186 484 2230 subiectam
521 2185 675 2228 fuisse:
720 2199 846 2242 posse
886 2184 996 2226 enim
1035 2185 1180 2237 statui,
1226 2183 1333 2225 hanc
1364 2183 1584 2240 imaginem
1621 2183 1679 2225 ita
1709 2191 1987 2241 comparatam
2017 2186 2171 2241 fuisse,
2213 2193 2260 2230 ut

252 2262 341 2302 sola
371 2259 557 2301 anterior
587 2273 684 2314 pars
715 2258 901 2300 exhibita
932 2264 1068 2311 esset,
1099 2266 1144 2300 ut
1173 2259 1231 2314 is,
1264 2261 1335 2318 qui
1368 2262 1669 2304 Prometheum
1700 2263 1868 2319 agebat,
1898 2277 1982 2306 non
2010 2264 2054 2307 in
2082 2279 2153 2319 ea,
2184 2266 2260 2309 sed

251 2348 361 2389 pone
394 2347 485 2374 eam
516 2332 559 2373 in
589 2332 704 2372 hiatu
734 2332 853 2387 rupis
884 2337 1178 2384 versaretur‚“
1216 2335 1321 2376 haec
1350 2349 1460 2376 nunc
1491 2336 1726 2377 accuratius
1757 2336 1996 2379 examinare
2026 2353 2109 2379 non
2137 2339 2259 2382 libet:

253 2413 296 2448 et
326 2421 402 2448 cur
426 2404 615 2461 ligneum
639 2404 741 2447 illud
767 2404 1057 2457 simulacrum,
1088 2405 1140 2447 de
1170 2422 1252 2462 quo
1283 2406 1342 2449 illi
1371 2422 1454 2450 non
1477 2408 1747 2450 dubitandum
1770 2409 1956 2463 videtur,
1987 2410 2087 2452 mihi
2110 2427 2257 2468 parum

253 2480 460 2535 placeret,
506 2477 594 2519 dixi
632 2477 1013 2534 in-prolegomenis
1052 2478 1245 2521 editionis
1282 2495 1401 2522 meae
1438 2496 1480 2536 p.
1510 2480 1580 2522 85.
1611 2481 1682 2523 86.
1742 2482 1841 2524 Hoc
1878 2488 2017 2524 tamen
2053 2498 2136 2526 non
2165 2501 2256 2542 gra-

253 2553 381 2594 vabor
409 2550 624 2607 profiteri,
663 2549 699 2592 si
729 2550 857 2592 fuerit
885 2551 968 2593 tale
999 2549 1287 2606 simulacrum,
1330 2553 1451 2595 malle
1482 2568 1548 2595 me
1579 2552 1623 2595 id
1652 2552 1695 2595 in
1723 2553 1841 2610 rupis
1871 2553 1986 2596 hiatu
2024 2570 2172 2613 magna
2202 2574 2257 2601 ex

254 2631 372 2682 parte
404 2623 677 2675 delitescens,
724 2638 844 2679 quam
875 2630 1009 2666 totum
1039 2623 1082 2665 in
1111 2625 1263 2667 theatri
1294 2633 1523 2683 conspectu
1560 2626 1743 2683 positum
1775 2626 1967 2683 cogitari,
2011 2643 2065 2671 ne
2096 2631 2257 2674 scilicet

254 2698 415 2755 ligneus
452 2696 519 2737 ille
550 2696 832 2738 Prometheus
870 2696 993 2738 nimis
1033 2696 1114 2739 cito
1156 2704 1227 2740 aut
1262 2698 1446 2742 taedium
1485 2705 1556 2742 aut
1593 2699 1725 2742 risum
1762 2701 1917 2756 populo
1956 2710 2157 2745 moveret.
2196 2730 2254 2737 —

254 2772 342 2814 Sed
374 2770 567 2812 admonet
604 2784 670 2812 me
708 2770 813 2813 haec
850 2786 921 2813 res
960 2770 1065 2813 alius
1105 2772 1319 2815 cuiusdam
1348 2772 1616 2826 Promethei,
1660 2787 1743 2816 non
1780 2773 1905 2831 lignei
1944 2775 2133 2831 quidem,
2178 2779 2254 2821 sed
