2493 3077
1061 125 1335 175 ...2-

187 253 360 302 fulmine
382 252 493 297 ictus
513 250 677 297 saevire
698 256 841 295 tamen
861 261 947 293 non
967 247 1153 304 desinat,
1183 247 1237 293 ad
1266 246 1487 293 consilium
1508 248 1669 295 Oceani
1690 249 1994 296 Prometheum
2020 251 2200 297 flectere

190 325 398 387 cupientis
439 338 590 384 parum
633 322 947 368 accommodata
987 321 1055 365 sit.
1125 321 1310 366 Possum
1354 321 1550 381 equidem
1591 323 1699 368 haec
1740 323 1957 383 accipere,
2001 324 2198 383 quoniam

188 401 291 447 mihi
319 413 488 460 quoque
516 397 588 444 illa
622 399 773 452 verba,
810 396 911 441 licet
945 409 1032 440 non
1069 396 1179 452 sola,
1217 396 1296 441 sed
1331 410 1416 441 una
1452 411 1548 441 cum
1584 397 1697 442 omni
1732 398 1952 457 superiore
1990 399 2195 456 oratione,

187 476 436 521 Promethei
473 488 570 517 esse
607 473 798 516 videturz
838 471 953 529 quod
989 476 1129 512 autem
1159 471 1413 528 dispescitur
1442 485 1467 514 a
1496 471 1740 515 Wieselero
1779 474 1912 516 oratio
1947 474 2060 517 inter
2089 474 2198 518 duos

189 550 521 606 colloquutores,
567 552 610 589 et
644 545 928 590 Prometheus
970 543 1163 587 desubito
1206 545 1379 588 alterius
1420 561 1658 588 sermonem
1700 547 1968 603 interpellare
2009 548 2195 604 fingitur,

187 621 438 681 praesertim
467 620 511 664 in
540 619 680 664 medio
709 634 859 673 versu,
897 617 944 662 id
978 632 1082 662 vero
1118 617 1289 675 probari
1324 619 1437 662 nullo
1473 619 1598 662 modo
1627 626 1781 676 potest.
1842 621 2053 677 Quantum
2083 622 2194 664 enim

189 711 214 741 e
244 694 540 755 superstitibus
568 692 775 752 Aeschyli
804 691 954 737 fabulis
983 691 1173 736 iudicare
1202 691 1324 747 licet,
1363 692 1560 738 abhorret
1588 694 1670 738 hoc
1699 695 1822 751 plane
1861 696 1912 737 ab
1942 695 2066 738 huius
2093 710 2194 753 poe—

187 775 256 813 tae
287 767 613 821 consuetudine,
652 766 725 824 qui
760 778 972 824 nunquam
1006 778 1091 808 non
1125 764 1300 823 integris
1329 766 1521 810 versibus
1549 780 1825 825 personarum
1855 767 2067 811 orationes
2097 781 2192 811 con·

190 842 321 886 cludit
357 848 401 884 et
430 840 671 884 exorditure
707 854 846 896 neque
875 840 1007 882 ullum
1035 844 1102 881 est
1130 839 1329 882 contrarii
1356 840 1525 897 generis
1555 842 1814 898 exemplum,
1856 847 2029 899 praeter
2065 854 2192 884 unum

190 915 439 960 Promethei
467 915 608 957 locum
633 927 674 956 v.
695 913 804 966 982,
834 913 907 955 ubi
934 912 1156 955 inchoatur
1178 927 1327 956 versus
1349 914 1595 956 Promethei
1624 914 1924 956 exclamatione
1955 914 2067 979 ᾧμοι,
2098 929 2194 957 con-

189 989 375 1035 tinuatur
404 994 544 1032 autem
572 986 781 1031 Mercurii
809 986 971 1040 verbiS,
1009 983 1099 1034 τόδε
1127 985 1220 1033 Zetis
1247 982 1393 1033 τοῦπος
1421 988 1487 1033 οὐκ
1515 991 1745 1034 ἐπίσταται.
1802 987 1855 1030 Id
1884 1003 1959 1031 cur
1987 988 2069 1030 hoc
2099 988 2194 1030 loco

187 1063 247 1107 ita
263 1062 505 1119 Aeschylus
527 1059 776 1114 instituerit,
804 1065 946 1117 potest
965 1060 1145 1102 fortasse
1166 1059 1274 1102 ratio
1295 1059 1409 1102 haud
1437 1059 1719 1118 improbabilis
1751 1060 1913 1104 afferri:
1944 1074 2192 1119 quamquam

188 1150 273 1180 non
308 1136 551 1193 repugnabo
583 1134 800 1191 equidem,
842 1134 879 1177 si
914 1133 1008 1191 quis
1047 1139 1232 1177 erratum
1261 1147 1287 1176 a
1314 1133 1496 1177 librariis
1534 1148 1631 1177 esse
1667 1134 1927 1192 suspicetur,
1971 1136 2194 1193 locumque

188 1211 247 1253 ita
281 1210 482 1266 refingat,
524 1214 573 1250 ut
607 1208 790 1265 primum
824 1206 917 1272 ᾥμοι
952 1209 1236 1251 Prometheus
1275 1209 1483 1250 exclamet
1517 1214 1639 1251 extra
1674 1222 1866 1262 versum,
1912 1222 1961 1251 ac
1991 1209 2193 1266 deinceps

189 1283 431 1328 Mercurius
466 1281 649 1339 repetita
690 1281 839 1324 eadem
882 1281 1185 1323 exclamatione
1227 1295 1398 1324 versum
1432 1282 1642 1338 integrum
1677 1281 1932 1338 pronuntiet.
1990 1282 2051 1325 Et
2086 1283 2193 1324 hanc

188 1357 394 1401 rationem
430 1355 722 1408 Lachmanno,
757 1353 850 1398 viro
886 1353 1283 1411 intelligentissimo,
1325 1354 1536 1412 placuisse
1573 1354 1756 1398 memini.
1813 1355 1975 1399 Verum
2009 1362 2105 1399 utut
2140 1357 2194 1399 de

189 1433 271 1475 hoc
299 1431 395 1474 loco
424 1428 634 1482 statuitur,
662 1428 708 1471 in
737 1428 915 1470 alterum
942 1427 1058 1470 illum
1086 1428 1225 1471 locum
1253 1443 1345 1471 rem
1375 1429 1481 1472 adeo
1509 1428 1719 1472 insolitam
1742 1434 1888 1473 contra
1910 1444 2056 1473 omnes
2082 1430 2195 1473 codi-

192 1519 264 1549 ces
293 1503 429 1548 inutili
459 1501 702 1546 coniectura
730 1500 952 1555 invehere,
981 1499 1047 1555 id,
1079 1500 1247 1558 opinor,
1278 1501 1435 1545 criticis

606 1588 692 1617 non
721 1574 785 1627 di,
814 1588 900 1617 non
921 1573 1134 1627 homineS,
1161 1588 1247 1618 non
1267 1589 1518 1618 concessere
1544 1575 1774 1619 columnae.

381 1640 434 1692 In
462 1648 612 1691 eadem
641 1646 829 1690 oratione
858 1660 1028 1690 versum
1058 1646 1144 1688 354

729 1721 906 1776 Τυφῶνα
933 1720 1088 1778 θοῦρον,
1118 1721 1242 1765 otim
1272 1714 1314 1764 ὃς
1343 1720 1514 1771 olm-{orn
1545 1720 1661 1773 θεοῖς,

192 1803 436 1854 corruptum
474 1809 571 1838 esse
607 1792 710 1836 satis
749 1797 923 1835 constat.
982 1792 1253 1834 Wieselerus
1287 1790 1413 1837 πάλιν
1448 1806 1526 1848 pro
1563 1794 1685 1838 πᾶσιν
1722 1791 1850 1834 scribi
1885 1791 2021 1846 iubet,
2063 1793 2194 1850 idque

191 1871 345 1917 referri
363 1870 453 1915 vult
483 1868 538 1912 ad
561 1880 744 1925 pugnam
763 1865 945 1910 Atlantis
966 1871 1112 1909 contra
1126 1864 1251 1919 deos,
1282 1879 1365 1922 quo
1388 1863 1553 1908 devicto
1580 1865 1765 1922 Typhon
1785 1879 1933 1908 rursus
1958 1866 2112 1910 bellum
2139 1866 2194 1911 ii·

191 1945 392 1990 intulerit.
450 1932 541 1987 Sed
570 1941 713 1985 dubito
744 1955 825 1998 ego
862 1939 1031 1998 quidem
1068 1954 1346 1998 magnopere,
1389 1938 1610 1983 licueritne
1637 1939 1695 1982 ita
1723 1939 1849 1987 mim
1878 1939 1961 1983 dici
1991 1940 2045 1983 de
2072 1955 2195 1999 repe-

191 2021 268 2064 tito
298 2017 525 2064 certamine
555 2015 748 2069 alterins,
784 2028 913 2072 quum
950 2027 1089 2072 neque
1125 2013 1268 2057 socius
1295 2012 1420 2056 huius
1451 2011 1689 2056 certaminis
1721 2012 1907 2070 Typhon
1935 2013 2086 2069 fuerit,
2122 2028 2193 2058 ne-

193 2109 276 2152 que
304 2094 386 2137 hoc
414 2092 555 2148 ipsum
583 2089 628 2131 in
656 2087 946 2145 superioribus
977 2093 1254 2130 memoratum
1281 2087 1350 2129 sit.

383 2165 526 2207 Versu
561 2162 646 2204 471
682 2175 761 2217 pro
796 2161 965 2217 vulgata
998 2160 1179 2203 lectione
1217 2158 1269 2206 ὥς
1303 2179 1366 2207 τις
1400 2159 1671 2202 Wieselerus
1707 2172 1941 2214 pronomen
1977 2160 2193 2203 relativum

194 2237 324 2293 ἔστ-ις,
358 2238 404 2281 in
433 2236 590 2293 aliquot
619 2233 834 2277 codicibus
862 2232 1098 2286 inventum,
1135 2232 1323 2286 restitui,
1361 2245 1610 2288 omnemque
1645 2232 1784 2274 locum
1812 2232 1857 2275 in
1886 2233 1998 2276 hunc
2027 2233 2191 2275 modum

194 2312 322 2357 scribi
351 2317 396 2355 et
423 2307 663 2367 interpungi
690 2307 800 2350 vultz

345 2377 347 2379 .
695 2379 912 2428 Πὲπονθοις
941 2381 1048 2425 αἰκὲς
1076 2380 1188 2436 πῆμ’,
1224 2379 1485 2435 ἀποσφαλεὶς
1513 2379 1673 2436 Φςενῶν·
1961 2398 1991 2423 ο

694 2454 839 2515 σι’λοινᾶρι
868 2451 990 2497 nanae
1019 2448 1206 2512 ιΫῖατξός,
1236 2448 1375 2498 ἵστη·
1405 2456 1443 2496 ἐς
1471 2449 1572 2496 νόσον

693 2525 821 2575 vtem-31·
849 2526 1003 2585 ἀθυμεῖ
1023 2550 1102 2567 —--
1152 2576 1154 2579 ,

197 2602 371 2649 Scilicet
404 2602 451 2645 in
485 2601 653 2660 vulgata
687 2599 918 2657 scriptura,
955 2612 1083 2656 quum
1118 2594 1169 2644 ὥς
1203 2615 1267 2644 τις·
1301 2596 1456 2654 legitur
1491 2601 1534 2638 et
1568 2601 1667 2654 post
1694 2598 1839 2660 πλανᾷ
1872 2595 2194 2655 interpungitur‚

196 2685 409 2734 utcunque
436 2677 568 2718 verba
597 2678 917 2726 construuntur,
955 2686 1124 2729 semper
1160 2671 1391 2713 orationem
1427 2671 1629 2713 habemus
1667 2666 1888 2722 οἰσύνδετον,
1926 2684 2056 2727 quum
2073 2666 2197 2715 *nulla

194 2749 428 2795 intercedat
455 2747 567 2791 inter
594 2748 703 2790 haec
732 2747 817 2790 duo
837 2747 987 2798 verba,
1016 2746 1227 2792 πέπονθας
1247 2750 1290 2786 et
1311 2745 1476 2806 πλανᾷ,
1507 2743 1757 2786 coniunctio.
1800 2741 1918 2784 Huic
1939 2742 2069 2800 igitur
2087 2746 2196 2788 malo

195 2823 463 2868 Wieselerus
501 2833 730 2864 occurrens
773 2820 949 2864 alterum
985 2819 1160 2864 verbum
1195 2820 1359 2881 πλανᾷ,
1402 2816 1445 2860 in
1484 2830 1612 2861 unum
1656 2830 1750 2860 cum
1793 2815 2030 2860 nominibus
2074 2818 2197 2865 noodr
