2493 3077
1133 88 1413 134 -4-

260 198 462 255 convenit>
487 210 657 269 quidem
695 211 815 254 nobis
846 224 942 255 cum
972 210 1216 255 Wieselero
1248 216 1443 264 eatenus,
1488 216 1536 253 ut
1570 210 1745 254 verbum
1774 209 1988 285 5⁷1?de
2008 216 2268 266 corruptum,

261 283 609 341 coniecturaeque
653 298 678 325 a
716 284 874 327 criticis
910 285 1098 341 prolata·
1140 286 1365 342 plerasque
1405 295 1550 324 omnes
1588 282 1840 326 reiiciendas
1878 282 1979 325 esse
2013 283 2270 325 iudicemus:

261 357 376 413 quod
406 364 544 400 autem
565 357 690 400 etiam
717 357 894 401 Stanleii
923 356 1160 401 emendatio
1190 372 1273 401 una
1303 356 1486 401 omnium
1506 355 1748 411 verissima,
1777 358 1973 415 ἐπαχθῆ,
2003 356 2153 398 eodem
2177 369 2272 399 cum

263 430 418 474 ceteris
448 431 540 473 loco
571 445 595 473 a
625 430 869 474 Wieselero
900 431 1060 485 habita,
1092 437 1135 475 et
1164 446 1217 474 ne
1248 436 1572 474 commemorata
1601 429 1770 486 quidem
1802 437 1887 484 est,
1917 442 2169 486 magnopere
2199 428 2274 470 im-

263 505 502 560 probamus.
547 503 683 546 Mow't
701 518 799 547 eum
816 505 997 548 fortasse
1017 504 1194 561 Reisigii
1213 503 1452 556 auctoritas,
1484 502 1555 559 qui
1571 503 1822 546 adiectivum
1844 503 2053 560 ἐπαχθής,
2080 501 2274 558 quoniam

263 575 359 617 alibi
402 575 443 617 in
480 576 736 632 tragicorum
781 577 933 619 fabulis
980 591 1064 619 non
1102 577 1274 633 legitur,
1326 576 1450 618 etiam
1488 575 1570 617 hoc
1615 576 1696 618 loci
1735 576 1895 618 admitti
1930 590 2058 632 posse
2094 573 2273 630 negavit.

262 647 391 705 Atqui
427 647 465 690 si
504 648 821 693 auctoritatibus
861 650 1056 694 standum
1086 656 1174 704 est,
1226 663 1310 692 non
1347 648 1483 693 minor
1522 663 1624 693 sane
1663 664 1787 707 quam
1825 649 2001 707 Reisigii
2038 649 2082 692 in
2118 647 2189 692 tali
2224 662 2274 690 re

262 722 491 764 auctoritas
521 723 767 774 fflermanni
802 724 1046 778 habebitur,
1096 723 1164 766 cui
1203 723 1314 766 illam
1345 722 1520 766 Stanleii
1557 723 1890 767 emendationem
1926 724 2139 782 probatam
2179 735 2275 764 esse

265 795 436 838 scimus.
498 797 660 854 Quaeri
697 804 837 840 autem
869 805 965 840 ante
1005 797 1142 840 omnia
1172 798 1370 851 debebat,
1415 812 1514 839 num
1544 811 1652 854 quae
1682 798 1908 854 probabilis
1945 797 2051 840 ratio
2081 795 2275 853 exputari

263 876 428 927 posset,
460 884 542 926 qua
572 871 753 927 permoti
783 871 931 929 tragici
961 871 1062 915 illud
1094 870 1344 915 adiectivum
1374 870 1670 924 fastidiissent,
1702 878 1745 914 et
1774 871 1810 914 si
1839 873 1994 914 nullam
2024 886 2118 914 esse
2150 884 2273 926 appa-

262 950 399 996 reret,
443 957 527 986 non
565 945 755 987 consulto
787 946 864 988 sed
896 959 997 988 casu
1034 946 1190 988 factum
1222 944 1408 999 censeri,
1453 951 1499 987 ut
1536 944 1579 987 in
1617 944 1682 987 his
1714 960 1822 1003 quae
1854 952 2020 988 exstant
2047 942 2273 1002 tragoediis

263 1031 467 1072 nusquam
503 1016 548 1059 id
579 1026 845 1074 usurparent.
887 1020 956 1060 De
981 1020 1188 1061 sententia
1212 1025 1351 1061 autem
1374 1019 1457 1061 loci
1477 1019 1731 1074 Aeschylei,
1763 1025 1805 1060 et
1835 1034 1959 1075 quam
1984 1019 2152 1074 egregie
2177 1018 2273 1059 huic

262 1089 365 1134 illud
402 1088 540 1148 ipsum
576 1092 753 1151 ἐπαχθῆ
785 1090 1026 1147 conveniat,
1067 1091 1250 1137 diximus
1287 1090 1331 1136 in
1361 1096 1582 1136 comment.
1610 1106 1651 1148 p.
1677 1090 1785 1146 284,
1823 1108 1930 1149 quae
1966 1099 2163 1149 repetere
2193 1091 2273 1134 hoc

262 1164 355 1206 loco
385 1163 488 1206 nihil
518 1164 677 1207 attinet.
740 1166 869 1224 Quod
906 1172 1046 1209 autem
1076 1166 1321 1209 Wieselero
1360 1166 1521 1223 placet,
1568 1170 1616 1207 ut
1644 1164 1804 1225 ἐπράθη
1835 1164 2065 1219 scribatur,
2109 1163 2152 1207 id
2180 1177 2272 1218 nos,

263 1236 427 1277 etiamsi
464 1237 507 1277 in
537 1238 729 1279 omnibus
761 1239 976 1281 codicibus
1014 1239 1229 1281 inventum
1260 1244 1395 1292 esset,
1442 1246 1687 1294 corruptum
1717 1243 1857 1279 tamen
1895 1243 1951 1280 et
1968 1237 2271 1280 exturbandum

263 1310 408 1353 dicere
438 1325 521 1354 non
553 1312 859 1366 dubitaremus,
897 1320 1044 1370 utpote
1074 1328 1249 1370 prorsus
1279 1312 1480 1369 ineptum.
1543 1312 1643 1369 Ipse
1674 1311 1922 1354 sententiam
1952 1312 2059 1354 hanc
2089 1311 2273 1353 existere

264 1390 474 1427 autumat:
504 1385 712 1438 „omnia
741 1386 952 1429 vendita
981 1388 1022 1430 h.
1051 1402 1088 1430 e.
1116 1387 1158 1430 in
1190 1387 1394 1430 servitute
1423 1392 1545 1429 sunt
1574 1383 1966 1444 praeter[quam]
2008 1385 2271 1441 imperare

265 1456 411 1499 diis.“
450 1472 587 1514 neque
618 1459 789 1502 dubium
820 1474 916 1502 esse
937 1467 1100 1517 potest,
1132 1460 1232 1518 quin
1261 1458 1489 1517 significari
1519 1458 1584 1502 his
1606 1458 1746 1502 verbis
1770 1458 1970 1512 voluerit,
2001 1473 2147 1502 servos
2177 1473 2273 1501 esse

263 1531 365 1573 deos
396 1544 541 1574 omnes
571 1538 744 1588 praeter
780 1548 909 1576 unum
938 1534 1257 1590 imperatorem,
1297 1535 1457 1577 Iovem.
1518 1533 1608 1575 lam
1646 1539 1693 1575 ut
1723 1532 2004 1575 concedamus
2035 1531 2270 1588 aliquantis-

262 1619 340 1661 per
360 1630 420 1636 —
448 1605 563 1661 quod
591 1607 782 1662 profecto
813 1622 897 1650 non
921 1609 1048 1650 debet
1078 1608 1273 1661 concedi,
1291 1634 1350 1640 —
1377 1609 1497 1654 θεοῖσι
1524 1615 1715 1666 κοιρανεῖν,
1746 1605 1848 1648 diis
1878 1605 2158 1662 imperare,
2189 1605 2272 1648 dici

262 1678 450 1733 potuisse
481 1694 560 1734 pro
601 1680 818 1723 deorum
854 1681 1187 1737 imperatore,
1226 1684 1326 1727 θεῶν
1362 1681 1542 1744 κοιράνῳ,
1581 1695 1635 1721 ne
1673 1680 1735 1721 sic
1766 1680 1937 1735 quidem
1966 1679 2080 1722 aliud
2109 1680 2273 1723 (licetur

262 1749 341 1793 illis
372 1751 533 1805 verbis,
571 1752 652 1795 nisi
683 1753 861 1796 deorum
889 1754 1187 1811 imperatorem
1224 1769 1307 1798 non
1338 1769 1433 1797 esse
1464 1753 1700 1797 venditumz
1743 1767 1954 1809 quumque
1985 1752 2161 1795 addatur
2190 1759 2270 1796 sta-

263 1824 358 1878 tim,
396 1826 598 1886 ἐλεύθερος
635 1826 718 1887 ’γοὶς
755 1826 859 1874 οὔτις
887 1830 969 1874 ἐστὶ
998 1827 1103 1880 πλὴν
1142 1828 1254 1883 Διός,
1285 1828 1495 1872 videbitur
1523 1827 1764 1883 Aeschylus
1796 1826 1973 1868 liberum
2005 1825 2148 1868 dicere
2180 1827 2268 1883 qui-

263 1912 427 1955 cunque
455 1913 538 1942 non
567 1899 767 1954 venierit,
800 1916 883 1958 qua
912 1900 1073 1944 ratione
1103 1917 1304 1946 recusare
1334 1917 1418 1945 non
1447 1900 1703 1958 poterimus,
1736 1898 1835 1956 quin
1861 1913 2009 1942 vernas
2032 1914 2197 1955 quoque
2226 1900 2269 1943 in

267 1972 387 2015 herili
409 1973 534 2016 domo
551 1979 693 2029 natos,
724 1979 795 2017 aut
811 1974 973 2018 helotas
990 1975 1293 2032 Spartanorum
1304 2011 1316 2031 ,
1340 1991 1444 2033 quos
1462 1990 1614 2020 venum
1633 1973 1725 2018 dari
1742 1988 1766 2017 a
1784 1972 1962 2017 dominis
1986 1987 2069 2017 non
2083 1974 2271 2030 potuisse

265 2053 448 2101 constat,
477 2054 548 2090 aut
577 2047 614 2090 si
644 2048 715 2104 qui
746 2050 823 2090 sub
853 2054 1127 2105 tyrannorum
1158 2048 1438 2092 dominatione
1459 2048 1619 2101 vivant,
1649 2047 1727 2090 hos
1759 2061 1904 2090 omnes
1927 2046 2142 2104 Aeschylo
2173 2047 2272 2091 libe-

263 2131 335 2165 ros
366 2122 478 2165 visos
516 2136 612 2163 esse
642 2128 886 2165 statuamus.
947 2124 1085 2166 Porro
1117 2123 1250 2166 ceteri
1280 2123 1338 2166 dii
1368 2137 1451 2166 non
1482 2122 1728 2179 simpliciter
1758 2121 1943 2174 servire,
1984 2121 2060 2164 sed
2090 2121 2271 2165 veniisse

268 2203 313 2239 et
349 2195 488 2252 pretio
528 2195 750 2251 mancipati
780 2211 876 2237 esse
908 2196 1122 2249 dicentur,
1167 2197 1279 2252 quod
1310 2211 1433 2252 quam
1463 2196 1690 2238 absurdum
1732 2194 1808 2248 sit,
1853 2208 1936 2236 non
1966 2209 2072 2250 opus
2103 2201 2168 2237 est
2204 2196 2276 2238 de-

269 2275 496 2315 monstare.
544 2266 653 2310 Nam
683 2269 794 2325 quod
818 2268 1086 2312 Wieselerus
1117 2271 1323 2330 πραθῆναι
1354 2269 1478 2313 etiam
1506 2269 1737 2328 improprie
1768 2267 1852 2312 dici
1882 2273 2079 2324 autumat,
2109 2274 2276 2315 testem-

270 2359 352 2399 que
385 2343 484 2385 citat
514 2342 713 2385 Orestem
742 2342 785 2384 in
815 2343 1005 2398 Choeph.
1036 2358 1075 2385 v.
1106 2344 1191 2386 902
1222 2344 1327 2385 haec
1358 2345 1586 2386 dicentem:

839 2412 961 2473 διχῶς
998 2416 1177 2475 ἐπράθην
1223 2415 1269 2462 ὢν
1307 2417 1508 2476 ἐλευθέρου
1546 2417 1715 2476 πατρός,

273 2491 426 2535 dicitur
457 2504 558 2533 sane
588 2488 647 2533 ibi
676 2488 854 2549 ἐπράθην
884 2489 1136 2548 improprie:
1174 2489 1252 2533 sed
1282 2490 1336 2534 de
1367 2505 1418 2534 eo
1437 2490 1610 2544 dicitur,
1642 2490 1713 2548 qui
1735 2504 1889 2547 reapse
1917 2503 1999 2533 non
2022 2504 2168 2535 servus
2199 2493 2276 2536 sed

274 2566 379 2608 liber
415 2570 504 2619 est3
534 2563 779 2605 Wieselero
811 2568 948 2605 autem
978 2562 1077 2605 talia
1107 2563 1302 2621 exempla
1331 2563 1545 2607 afferenda
1574 2570 1714 2619 erant,
1746 2562 1817 2606 ubi
1848 2562 1919 2620 qui
1949 2563 2147 2619 serviret,
2178 2565 2277 2608 licet

274 2654 356 2680 non
386 2638 579 2680 venditus
611 2643 749 2687 esset,
791 2641 929 2676 tamen
958 2638 1165 2694 πραθῆναι
1197 2637 1432 2690 diceretur,
1478 2638 1615 2694 qualia
1643 2651 1782 2693 neque
1813 2643 1909 2677 sunt
1937 2650 2073 2693 neque
2101 2645 2278 2694 possunt

273 2728 383 2756 esse.
447 2711 647 2754 Ceterum
687 2709 800 2766 quod
832 2709 1009 2753 Orestes
1048 2709 1118 2753 illo
1149 2712 1243 2754 loco
1275 2710 1399 2765 dicit,
1435 2712 1517 2754 hoc
1547 2717 1631 2764 est,
1676 2725 1759 2753 non
1790 2709 1957 2766 quidem
1987 2710 2199 2753 venditum
2229 2726 2277 2754 se

275 2801 393 2840 esse,
433 2784 510 2827 sed
542 2783 815 2827 abalienatum
847 2797 943 2827 esse
975 2798 998 2827 a
1032 2791 1164 2828 matre
1188 2784 1294 2829 lucri
1325 2799 1473 2839 causa,
1503 2799 1584 2843 quo
1617 2783 1778 2828 scilicet
1808 2782 1899 2842 ipsa
1928 2790 1971 2827 et
1992 2783 2276 2841 impunitatem
