2493 3077
1095 136 1416 187 ,ιο-.-

250 265 347 306 item
379 265 622 308 adverbium
652 264 876 321 temporie,
909 264 1062 310 ἄλλοτε
1090 263 1382 321 responderet.
1438 262 1573 305 Nimis
1605 262 1715 305 enim
1744 261 1825 304 hoc
1854 262 2018 318 puerile
2048 268 2126 305 est.
2177 260 2258 303 Ce-

250 345 386 380 terum
416 342 467 395 «γέ
496 337 699 396 particula
728 338 809 380 hoc
841 338 933 380 loco
963 338 1087 394 plane
1119 352 1174 380 ex
1205 335 1486 393 vulgatissimo
1524 336 1708 379 omnium
1747 335 1999 392 scriptorum
2037 350 2118 379 usu
2147 332 2257 392 posi·

249 420 292 453 ta
323 418 389 455 est
419 412 461 454 in
491 425 541 453 ea
570 411 870 468 responsione,
918 425 1000 468 qua
1031 411 1124 468 quis
1154 411 1198 453 id
1227 411 1387 467 ipsum,
1418 409 1530 466 quod
1560 409 1666 450 alter
1694 407 2036 466 interrogaverit,
2079 407 2138 450 ita
2167 420 2264 450 esse

252 485 452 538 affirmat,
483 484 689 541 simulque
722 484 879 541 aliquid
909 484 1083 542 insuper
1115 484 1242 527 addit.
1303 483 1392 526 Res
1424 489 1489 525 est
1518 481 1733 525 notissima
1762 482 1918 539 diuque
1949 486 2042 524 ante
2073 480 2261 522 Hartun-

252 574 351 616 gum
380 574 404 600 a
433 558 574 603 multis
606 560 847 601 observata:
879 566 922 601 et
952 567 1097 602 extant
1127 559 1218 601 eius
1247 557 1290 600 in
1320 558 1399 600 hac
1428 556 1521 614 ipsa
1548 556 1688 599 fabula
1716 555 1873 612 aliquot
1904 554 2117 612 exempla,
2147 554 2261 596 velut

252 648 289 675 v.
322 632 419 674 253.
451 632 502 686 4,
540 633 647 685 515,
680 631 780 686 747,
812 632 921 686 769,
953 631 1052 675 775.

441 705 549 748 Item
581 720 618 748 v.
649 705 736 747 436
767 720 858 762 sqq.
889 706 1096 763 mlgatam
1128 704 1348 747 lectionem

853 781 940 841 βοᾷ
972 776 1010 825 δὲ
1040 779 1193 824 πόντιος
1224 775 1369 823 κλυὸὠν

854 851 1095 909 ξυμπιτνῶν,
1127 859 1246 897 στένει
1277 850 1421 903 βάθος,

855 925 1032 971 κεΛοιινός
1062 920 1095 971 (3⁹
1113 921 1240 970 ’Ἄϊδος
1271 923 1483 982 ὑποβρέμει
1507 921 1638 980 μύχος
1668 923 1762 979 Ὺᾶς·
2247 986 2256 993 ·

252 996 401 1053 refingi
440 997 528 1040 vult
564 996 607 1039 in
636 995 748 1040 hunc
780 997 969 1051 modum,
1007 1003 1054 1040 ut
1083 1011 1160 1054 pro
1190 996 1321 1049 βόθος
1350 994 1607 1038 rescribatur
1635 995 1798 1050 βαθύς,
1835 993 2050 1052 pertinens
2089 994 2263 1050 scilicet,

254 1070 403 1113 eodem
435 1084 518 1127 quo
550 1071 749 1125 κελαινός,
781 1070 833 1112 ad
862 1070 1016 1129 μύχος,
1048 1084 1209 1113 comma
1239 1075 1377 1112 autem
1407 1075 1504 1125 post
1533 1067 1754 1128 ξυμπιτνῶν
1784 1068 1974 1112 deleatur
2002 1075 2264 1127 ponaturque

253 1150 350 1200 post
379 1147 522 1197 στένει,
560 1144 613 1186 de
653 1158 735 1199 quo
766 1158 814 1186 se
846 1144 1057 1200 ambigere
1097 1144 1219 1197 dicit,
1258 1143 1365 1186 sitne
1395 1158 1473 1199 pro
1504 1142 1642 1185 dativo
1674 1142 1984 1199 accipiendum,
2025 1150 2072 1187 ut
2102 1144 2264 1186 dicatur

253 1217 437 1260 marinus
467 1217 622 1260 fluctus
654 1232 749 1260 cum
780 1216 938 1274 gemitu
969 1215 1130 1271 collidi,
1161 1232 1214 1259 an
1242 1232 1320 1274 pro
1350 1217 1501 1270 verbo,
1536 1222 1584 1259 ut
1612 1214 1776 1259 dicatur
1806 1216 1968 1260 scilicet
1997 1217 2150 1260 fluctus
2180 1231 2264 1259 ma-

254 1290 371 1333 rinus
401 1292 531 1334 boare
563 1290 733 1334 collisus
763 1305 958 1347 gemere,
1001 1291 1122 1347 quale
1161 1291 1395 1348 asyndeton
1431 1290 1524 1333 iure
1562 1288 1727 1332 mireris
1758 1289 1799 1331 ei
1828 1289 1872 1331 in
1901 1296 2083 1333 mentem
2120 1290 2264 1334 venire

256 1364 467 1420 potuisse,
499 1364 570 1420 qui
601 1364 734 1417 aliud,
768 1364 896 1420 idque
926 1365 1049 1420 plane
1080 1364 1418 1418 usitatissimum,
1449 1379 1487 1406 v.
1519 1364 1626 1417 471,
1657 1365 1839 1405 tolerare
1869 1363 2118 1420 nequiverit.
2176 1364 2266 1407 Sed

256 1436 386 1493 magis
402 1436 583 1489 mireris,
613 1437 820 1492 vulgatam
841 1435 1064 1478 lectionem
1082 1436 1274 1492 cuiquam
1298 1436 1577 1493 displicuisse.
1607 1436 1814 1479 Nimirum
1830 1442 1957 1479 vexat
1970 1438 2189 1479 nonnullos
2205 1437 2266 1480 in-

256 1509 529 1566 tempestivus
569 1508 738 1565 quidam
777 1509 1038 1552 coniectandi
1074 1509 1284 1566 pruritus,
1332 1510 1451 1553 cuius
1492 1509 1656 1554 levandi
1700 1510 1854 1553 nullam
1891 1523 1944 1552 ne
1988 1510 2265 1554 futilissimam

256 1581 424 1638 quidem
462 1582 728 1624 occasionem
764 1581 1103 1638 praetermittere
1142 1588 1332 1639 possunt.
1399 1583 1527 1641 Quod
1566 1598 1693 1640 quum
1731 1583 1775 1625 in
1811 1582 2044 1625 Robortelli
2082 1570 2267 1625 editione

255 1655 398 1707 βαθύς
436 1655 639 1712 scriptum
678 1654 754 1708 sit,
800 1654 1020 1697 manifesto
1050 1656 1303 1712 typographi
1334 1672 1504 1710 errore,
1547 1657 1590 1699 in
1620 1656 1818 1699 Mediceo
1849 1663 1989 1699 autem
2020 1657 2189 1711 codice,
2228 1657 2266 1699 si

256 1729 391 1771 minus
421 1729 502 1771 hoc
540 1728 677 1785 ipsum
707 1729 872 1782 βαθύς,
912 1735 954 1770 at
992 1735 1108 1771 certe
1138 1729 1299 1783 βάθος,
1341 1731 1421 1773 hoc
1461 1730 1562 1772 satis
1601 1744 1753 1772 causae
1789 1729 1868 1772 fuit
1904 1730 1957 1772 ad
1995 1736 2080 1773 tam
2116 1731 2266 1775 bellam

256 1801 603 1845 emendationem.

448 1875 590 1916 Versu
609 1874 693 1915 852
716 1874 998 1916 Prometheus
1024 1873 1117 1915 Ioni
1144 1874 1294 1930 Apidis
1316 1874 1358 1916 in
1381 1876 1578 1931 Aegypto
1603 1881 1768 1931 partum
1790 1875 2039 1932 praedicens
2060 1877 2166 1919 haec
2188 1876 2267 1919 ait:

795 1948 978 1993 ἐνταῦθα
1009 1943 1054 1998 δή
1083 1967 1126 1991 σε
1156 1946 1249 1992 Ζεύς
1278 1949 1431 2000 τίθησιν
1461 1950 1657 2007 ἔμφρονα,

793 2023 963 2078 ἐπαφῶν
994 2021 1176 2080 ἀταρβεῖ
1200 2022 1304 2081 χειρὶ
1335 2023 1402 2068 καὶ
1432 2019 1557 2078 θιγών
1585 2021 1706 2082 μόνον.

794 2094 985 2151 ἐπώνυμον
1015 2090 1054 2139 δὲ
1084 2096 1158 2139 τῶν
1189 2094 1280 2140 Auis·
1309 2095 1556 2152 γεννημάτων

796 2167 923 2226 τέξεις
953 2167 1126 2212 κελαινδν
1146 2166 1343 2224 Ἔπαφον.

256 2240 488 2296 Γεννήματα
520 2240 814 2293 Wellauerus,
846 2239 1195 2282 Wunderlichius
1227 2239 1379 2297 aliique
1417 2240 1535 2283 multi
1573 2240 1705 2297 ipsam
1735 2239 1845 2284 illam
1883 2242 2266 2298 contrectationem,

257 2328 384 2356 versu
416 2312 638 2370 superiore
670 2320 961 2366 memoratam,
1003 2312 1086 2354 dici
1117 2320 1363 2356 statuerunt.
1423 2314 1476 2356 Id
1506 2314 1775 2357 Wieselerus
1804 2314 2011 2372 improbat
2041 2323 2267 2374 propterea

258 2387 370 2444 quod
410 2386 504 2440 „ita
534 2385 658 2428 nimis
689 2387 864 2443 abrupte
896 2393 938 2428 et
969 2387 1148 2427 obscure
1179 2387 1374 2443 loquutus
1406 2393 1520 2429 esset
1549 2392 1718 2444 poeta.“
1779 2388 2112 2432 Rescribendum
2142 2390 2268 2448 igitur

260 2461 429 2513 suadet,
469 2460 660 2516 ἐπώνυμον
691 2456 729 2505 δὲ
766 2462 840 2505 τῶν
870 2457 961 2505 Διδς
991 2460 1142 2515 γέννημ’
1172 2460 1295 2516 οἱφῶν.
1356 2460 1562 2502 Nimirum
1602 2461 1781 2503 debebat
1808 2463 2089 2504 Prometheus
2126 2465 2267 2507 vatici·

259 2546 360 2574 nans
392 2531 531 2575 omnia
561 2546 684 2588 quam
726 2530 966 2588 planissime
998 2537 1040 2573 et
1071 2530 1346 2575 disertissime
1383 2548 1620 2589 exponere,
1659 2541 1701 2576 et
1737 2534 1818 2576 hoc
1856 2534 1994 2591 ipsum
2030 2537 2267 2594 perspicuis

259 2606 398 2649 verbis
429 2606 667 2658 declarare,
706 2617 789 2646 non
820 2603 873 2646 de
905 2603 1129 2647 concubitu
1160 2605 1424 2662 cogitandum
1456 2620 1571 2660 esse,
1610 2607 1686 2649 sed
1725 2606 1778 2650 de
1817 2608 2143 2653 contrectatione
2179 2618 2267 2654 tan*

260 2688 371 2724 tum:
403 2688 445 2721 et
474 2680 509 2722 si
539 2680 650 2722 forte
681 2679 731 2721 Io
760 2678 842 2720 iam
874 2693 928 2721 ex
959 2679 1182 2722 concubitu
1216 2679 1330 2723 Iovis
1367 2680 1538 2737 gravida
1575 2687 1709 2734 esset,
1750 2680 1979 2724 cavendum
2008 2683 2266 2728 Prometheo

259 2761 370 2808 erat,
402 2768 457 2796 ne
486 2759 713 2810 reponeret
735 2752 815 2795 sibi
844 2751 936 2806 illa,
966 2751 1098 2795 filium
1128 2768 1250 2797 suum
1279 2753 1526 2811 Epaphum,
1557 2760 1702 2811 utpote
1733 2754 1784 2796 ab
1813 2757 1956 2815 ἔπαφῆ
1978 2756 2155 2811 dictum,
2185 2772 2267 2803 non

262 2836 381 2872 recte
413 2841 524 2870 nunc
555 2827 801 2885 ’γεννημάτων
831 2826 1022 2885 ἐπώνυμον
1051 2825 1157 2870 dicit
1204 2842 1299 2871 nam
1329 2828 1559 2886 ’γεννήματα
1598 2827 1766 2885 quidem
1796 2827 1877 2871 iam
1908 2829 1987 2872 alio
2018 2830 2142 2873 modo
2171 2845 2267 2889 per-
